3059 5184
530 359 654 418 382

1238 347 1321 426 Q.
1370 342 1775 414 HORATII
1823 337 2162 408 FLAcct

778 524 1073 590 Membra
1100 519 1295 600 dedit,
1324 533 1583 607 vegetus
1605 515 1972 602 praeripui
1997 509 2080 577 ad
2109 509 2324 574 munia
2349 509 2572 596 surgit.

779 633 915 698 Hic
940 641 1149 697 tamen
1176 629 1259 694 ad
1290 629 1507 694 melius
1536 627 1766 713 poterit
1791 637 2218 689 transcurrere
2245 618 2558 706 quondam
2585 639 2604 680 ε

782 743 929 809 Sive
954 742 1123 806 diem
1148 739 1373 805 testum
1402 737 1648 804 rediens
1676 733 2009 800 adduxerit
2035 751 2258 807 annus,

786 848 912 916 Seu
938 871 1220 914 recreare
1249 849 1413 913 volet
1441 861 1760 912 tenuatum
1789 863 2058 928 corpus;
2105 839 2334 925 ubique

614 971 701 1028 85

786 960 1108 1024 Accedent
1134 961 1303 1037 anni,
1326 973 1391 1023 et
1418 957 1669 1022 tractari
1699 954 1944 1018 mollius
1971 964 2126 1016 aetas

782 1069 1103 1134 Imbecilla
1126 1069 1311 1133 volet.
1398 1069 1509 1132 tibi
1537 1065 1836 1152 quidnam
1865 1059 2116 1126 accedet
2143 1059 2226 1124 ad
2252 1059 2452 1134 istam,

782 1178 991 1254 Quam
1019 1200 1179 1264 puer
1206 1192 1270 1241 et
1296 1176 1536 1242 validus
1563 1173 1910 1259 proesumis,
1940 1170 2294 1245 mollitiem3
2339 1191 2448 1232 seu

780 1289 966 1354 Dura
991 1287 1282 1352 valetudo
1310 1284 1614 1361 inciderit,
1647 1305 1756 1347 seu
1785 1279 1962 1345 tarda
1991 1290 2272 1342 senectus
2289 1277 2320 1341 ?

786 1395 1139 1462 Rancidum
1168 1417 1391 1481 aprum
1420 1393 1657 1480 antiqui
1690 1390 2045 1465 laudabant,
2077 1411 2204 1452 non
2235 1389 2383 1475 quia
2407 1409 2596 1452 nasus

612 1518 697 1574 90

784 1507 915 1571 Illis
937 1505 1147 1570 nullus
1174 1517 1327 1582 erat,
1359 1503 1490 1582 sed,
1520 1501 1732 1578 cred0,
1763 1499 1882 1563 hac
1909 1510 2136 1576 mente,
2169 1497 2337 1584 quod
2365 1497 2594 1582 hospes

784 1615 1057 1680 Tardius
1085 1613 1419 1677 adveniens
1450 1611 1736 1674 vitiatum·
1759 1606 2166 1684 commodiuS,
2199 1627 2386 1693 quam

783 1725 1107 1808 Integrum
1136 1720 1297 1784 edax
1326 1719 1618 1784 dominus
1639 1732 2052 1782 consumeret.

2142 1715 2288 1778 Hos
2317 1716 2552 1783 utinam
2585 1715 2748 1779 inter

782 1831 1034 1896 Heroas
1062 1842 1278 1893 natum
1308 1826 1490 1894 tellus
1524 1851 1624 1892 me
1651 1829 1852 1913 prima
1880 1827 2120 1891 tulisset
2149 1825 2162 1889 ἒ

526 2068 591 2112 88
613 2063 841 2112 advexerit
858 2064 995 2110 etiam
1016 2063 1086 2109 H.
1115 2061 1281 2108 Lamb.
1298 2069 1343 2108 et
1365 2063 1517 2108 Bentl.

1671 2063 1736 2106 84
1769 2060 1876 2106 velit
1897 2062 1943 2107 S.

2092 2062 2157 2105 87
2187 2074 2298 2121 puer
2319 2058 2540 2106 invalidus
2562 2059 2666 2106 MS.
2695 2061 2878 2106 Bmm.

932 2128 992 2172 91
1027 2125 1229 2173 vitiatum
1252 2141 1415 2180 omnes,
1432 2127 1569 2172 ettam
1589 2127 1680 2186 ipse
1704 2127 1880 2186 Cruqu.
1943 2124 2118 2172 vitiaret
2140 2125 2276 2171 Bas-t.
2310 2124 2362 2170 V.
2384 2123 2478 2170 lvo.

592 2321 653 2366 81
688 2317 817 2364 Bene
824 2317 1087 2377 mmm-apta
1106 2334 1123 2360 .-
1160 2330 1262 2362 nam
1278 2315 1469 2362 Veteres
1490 2330 1667 2376 quoque

530 2397 661 2430 mane
680 2397 783 2442 quae
818 2381 895 2426 illo
930 2379 1003 2426 die
1036 2380 1175 2426 acturi
1196 2387 1324 2426 erant
1356 2381 1403 2426 in
1434 2379 1570 2426 diaria
1589 2394 1670 2424 sua

535 2445 797 2492 referebant.

590 2513 652 2555 82
694 2510 1023 2555 Trana-amere
1049 2509 1226 2569 proprie
1256 2508 1465 2554 dicuntur
1498 2507 1670 2556 Trans-

528 2571 666 2635 ἤιξε,
684 2571 760 2633 qui
782 2579 956 2618 mutant
978 2579 1139 2632 partes.

600 2637 842 2689 Quondam
851 2658 867 2690 ,-
892 2637 1265 2698 quan-docunque.
1284 2637 1561 2684 Adaei-bium
1577 2653 1671 2683 me-

530 2701 596 2747 dii
614 2701 834 2761 temporis.
876 2699 984 2747 vet.
1007 2699 1157 2746 Schol.

602 2767 779 2812 Tamen
802 2764 989 2811 refertur
1020 2763 1075 2810 ad
1108 2779 1160 2811 ea
1192 2780 1292 2825 quae
1324 2765 1369 2810 in
1402 2765 1552 2812 animo
1587 2780 1668 2812 suo

529 2837 795 2892 conceperat
830 2845 908 2892 per
930 2829 1257 2892 Aposiopesin3
1310 2830 1354 2875 h.
1386 2845 1425 2876 e.
1464 2828 1666 2876 Tametsi

531 2895 655 2942 tenui
678 2902 725 2940 et
745 2910 879 2956 parco
900 2894 1024 2940 victu
1047 2901 1285 2939 contentus
1307 2893 1442 2940 vivat.

594 2961 658 3005 83
692 2958 924 3004 Adaeum-it
944 2973 1033 3004 non
1049 2957 1283 3003 adduxerit
1308 2955 1464 3004 Lectio
1486 2965 1557 3004 est
1569 2957 1669 3020 plu·

530 3023 645 3068 rium
672 3019 921 3068 Codicum:
966 3023 1091 3068 nobis
1114 3030 1263 3068 tamen
1293 3021 1459 3082 placuit
1490 3023 1668 3070 acuim-

528 3087 642 3132 0n't:
692 3099 795 3130 nam
829 3085 985 3131 advehi
1018 3086 1226 3132 dicuntur
1258 3099 1427 3131 merces
1466 3102 1568 3148 quae
1611 3087 1668 3133 de

532 3148 837 3196 transmarinis
868 3149 1064 3210 partibus
1102 3151 1412 3212 importantur.
1478 3150 1603 3204 Quin
1627 3159 1674 3197 et

528 3213 661 3260 video
684 3213 943 3273 scripturam
967 3215 1097 3261 istam
1121 3231 1172 3260 su
1233 3215 1358 3261 rioris
1384 3215 1537 3261 saeculi
1561 3213 1673 3260 Edi-

532 3277 701 3324 tor-ibus
724 3277 853 3324 unice
872 3279 1104 3340 placuisse.
1169 3279 1173 3284 ’
1240 3279 1376 3326 ntleio
1398 3280 1544 3342 magis
1578 3280 1674 3342 pla-

530 3341 624 3389 cuit
639 3343 871 3398 advexerit,
894 3344 977 3389 etsi
998 3359 1091 3390 vox
1114 3343 1172 3390 sit
1194 3344 1384 3390 nautica.

594 3409 660 3454 84
692 3409 946 3463 Rea-earm
994 3408 1039 3454 b.
1082 3423 1123 3454 e.
1166 3407 1343 3455 efficere
1390 3415 1441 3455 ut
1496 3425 1670 3456 rursum

530 3477 717 3518 crescat.

604 3537 866 3584 Tenummn
885 3551 1047 3597 corpus
1064 3555 1080 3582 .·
1115 3537 1159 3584 b.
1174 3551 1214 3582 e.
1227 3537 1436 3583 amissam
1459 3551 1665 3584 carnemt

530 3615 634 3648 nam
658 3600 819 3648 usitato
844 3599 1176 3650 Charientismo
1200 3603 1371 3660 Corpus
1392 3601 1554 3647 dicitur
1577 3599 1670 3649 Ca-

530 3681 613 3724 rog
668 3664 733 3711 uti
775 3673 821 3712 et
863 3665 1118 3712 stomachus
1160 3673 1207 3710 et
1240 3665 1367 3710 virile
1404 3665 1671 3714 membrum.

530 3729 659 3776 Hinc
680 3729 823 3777 amitti
844 3729 1004 3777 dicitur
1024 3743 1201 3790 corpus,
1224 3727 1298 3774 ubi
1328 3729 1427 3790 quis
1459 3729 1672 3776 macilen—

532 3801 606 3841 tus
628 3794 793 3841 evadit.

603 3859 777 3920 Ubique
802 3857 937 3906 modo
967 3855 1081 3904 dixit
1112 3871 1195 3918 pro
1223 3863 1267 3901 et
1298 3856 1390 3903 ubi.
1438 3853 1498 3903 B:
1569 3857 1672 3904 Nec

530 3937 644 3985 opus
666 3931 735 3970 est
756 3923 866 3969 illud
882 3921 1041 3968 mutari
1064 3921 1109 3966 in
1132 3921 1275 3966 ubive.
1309 3920 1371 3966 G.

594 3990 657 4034 85
692 3986 783 4033 Per
800 3985 1176 4035 charientismum
1190 3985 1306 4030 αηηί
1325 3983 1476 4047 posuit
1494 3999 1577 4047 pro
1601 3999 1672 4032 se-

531 4059 708 4098 nectus.

590 4117 655 4161 86
696 4115 797 4162 Nn·
825 4115 1077 4178 φᾰάηαπις
1110 4111 1353 4176 prudenter
1386 4121 1542 4161 monet

1797 2314 2057 2367 Proesunuzs,
2073 2321 2178 2360 ante
2191 2321 2368 2374 tempus
2384 2327 2550 2374 capere,
2567 2327 2612 2358 v.
2635 2327 2677 2358 c.
2697 2312 2747 2357 in
2769 2327 2881 2372 pue-

1731 2379 1842 2432 ritia,
1865 2379 1910 2423 in
1933 2379 2048 2423 bona
2070 2377 2339 2431 valetudine,
2361 2377 2566 2438 quotidie.
2599 2375 2654 2421 Z.

1795 2447 1858 2490 88
1891 2443 2044 2495 Dura,
2070 2443 2114 2487 b.
2135 2457 2175 2488 e.
2197 2442 2348 2503 gravis
2369 2449 2410 2486 et
2431 2455 2595 2500 aspera.
2637 2439 2765 2486 Nam
2791 2455 2875 2486 va-

1731 2508 1878 2554 letudo
1911 2521 2012 2552 cum
2049 2505 2105 2552 sit
2129 2503 2213 2550 νῦν
2231 2505 2376 2565 μέσον,
2399 2503 2529 2549 modo
2561 2504 2747 2566 ponitur
2775 2517 2870 2566 pm

1733 2573 1904 2618 morbo.
1971 2567 2059 2616 Per
2097 2568 2466 2618 charientismum
2505 2567 2640 2614 duros
2673 2567 2870 2613 dicimus

1734 2650 1880 2683 saevos
1899 2642 1943 2681 et
1963 2635 2174 2680 immites.

1805 2701 1956 2748 Tarda
1973 2721 1988 2752 ‚·
2037 2697 2362 2760 Metonymice,
2395 2697 2514 2759 quod
2543 2697 2690 2743 tardos
2721 2703 2767 2743 et
2795 2695 2869 2742 in-

1735 2765 1865 2811 utiles
1887 2765 2062 2810 efficiat.

1795 2833 1858 2876 89
1885 2829 2162 2880 Rancidum,
2171 2827 2320 2874 leviter
2325 2834 2576 2887 putentem.
2607 2823 2878 2874 Vet.Scbol.

1795 2895 1853 2940 91
1892 2891 2040 2938 Vetus
2083 2889 2308 2954 Inter-pres
2343 2905 2447 2936 cum
2482 2891 2658 2936 duobus
2691 2887 2874 2950 Cruquii

1732 2957 1906 3019 scriptis
1931 2954 2172 3004 Codicibus
2205 2955 2411 3016 legerunt
2433 2955 2606 3002 vitzhret
2639 2971 2721 3016 pro
2753 2956 2874 3002 titia-

1730 3029 1846 3068 tum.
1895 3021 2012 3067 Ordo
2029 3035 2139 3066 cum
2158 3021 2238 3066 hoc
2257 3035 2392 3066 sensu
2409 3043 2424 3074 ,·
2460 3021 2583 3081 quod
2604 3021 2873 3066 commodae

1729 3088 1878 3145 hospes
1907 3085 2077 3132 vitiaret
2112 3092 2349 3138 servatum.
2385 3099 2528 3146 quam
2561 3093 2708 3130 totum
2737 3085 2872 3130 domi-

1735 3165 1827 3197 nus
1845 3151 2108 3196 absum.
2146 3148 2254 3195 Vet.
2277 3149 2428 3196 Schol.
2468 3147 2800 3195 Annotationes
2818 3149 2871 3194 ad

1732 3221 1828 3262 tres
1849 3214 2180 3276 antiquissimos
2204 3209 2390 3274 Cruquii
2415 3211 2614 3261 Codices
2646 3213 2868 3260 reddebant

1735 3280 1920 3332 titiam.
1955 3279 2302 3338 rquendeoet.
2367 3281 2661 3325 commodius
2693 3278 2862 3328 diam,

1737 3337 1856 3405 quod
1869 3343 2053 3390 mallent
2073 3341 2290 3404 hospitem
2313 3357 2414 3388 eum
2432 3342 2701 3406 vituperare.
2729 3341 2863 3388 Bent-

1735 3407 1850 3454 leius
1871 3407 2053 3454 retinuit
2074 3408 2280 3454 filiatum
2301 3407 2420 3468 quod
2441 3406 2486 3452 in
2521 3406 2674 3452 Editis
2693 3407 2865 3468 legerat.

1735 3481 1891 3519 contra
1902 3479 2166 3518 consuetum
2183 3471 2262 3517 sibi
2277 3487 2462 3518 morem.
2481 3469 2540 3518 B.
2579 3471 2716 3525 Quod
2727 3471 2872 3517 existi-

1735 3538 1928 3592 mabant,
1941 3536 2098 3583 melius
2110 3551 2221 3590 esse
2235 3537 2270 3580 si
2284 3537 2446 3598 hospes
2460 3551 2634 3597 aprum,
2649 3535 2868 3582 rancidum

1733 3601 1900 3648 factum
1924 3602 1981 3647 ob
2002 3601 2322 3647 diuturniorem
2346 3601 2696 3647 reservationem
2723 3601 2776 3646 acl
2795 3600 2870 3646 ad-

1733 3673 1918 3712 ventum
1949 3667 2056 3728 ejus,
2080 3664 2242 3720 ederet,
2269 3679 2402 3726 quam
2425 3665 2463 3710 si
2483 3665 2636 3711 nullus
2657 3665 2722 3710 illi
2743 3680 2870 3727 appo-

1735 3737 1928 3785 neretur,
1947 3729 2096 3777 statim
2119 3743 2276 3775 recens
2292 3743 2318 3775 a
2337 3727 2652 3791 patrefamilias
2667 3743 2869 3776 consm-

1734 3800 1824 3840 tus.
1856 3794 1911 3840 Z.

1799 3860 1861 3905 92
1894 3859 2135 3918 Integrum
2145 3879 2164 3912 ,·
2200 3855 2402 3920 Dilogue
2425 3865 2572 3905 totum
2593 3865 2642 3905 et
2665 3873 2754 3904 non
2775 3873 2871 3904 cor-

1735 3931 1927 3983 ruptum,
1951 3923 2071 3984 quod
2091 3929 2140 3969 et
2161 3921 2269 3969 Vct.
2293 3921 2442 3969 Schol.
2464 3921 2700 3984 significat.

1798 3989 1862 4033 98
1893 3987 2083 4033 ,Dicitur
2123 3994 2230 4033 ame
2271 3989 2374 4034 deos
2403 3995 2514 4034 nata
2557 4001 2649 4033 ease
2693 3987 2862 4033 nm.-

1733 4051 1848 4096 mire
1878 4052 1943 4096 ait
1964 4052 2120 4111 prima
2151 4051 2315 4107 Tellus,
2338 4053 2409 4098 illo
2429 4053 2554 4098 enim
2573 4059 2757 4111 tanim
2775 4065 2867 4110 quo

1573 4129 1673 4176 gra-
1736 4115 1948 4162 Mundm
1977 4131 2030 4161 α·
2061 4116 2330 4162 dise-maus
2359 4117 2410 4163 in
2442 4117 2562 4162 hauc
2589 4115 2870 4161 mucor-dnm

531 4175 741 4225 vissimus
773 4188 931 4227 auctor
952 4178 1194 4225 Medicinae
1228 4175 1467 4226 Cornelius
1494 4177 1670 4234 Celsus,
1717 4179 1958 4244 sor-'natm
1975 4187 2056 4238 est,
2077 4195 2130 4226 ea·
2148 4188 2269 4227 teo-m
2287 4182 2491 4240 generati
2503 4181 2749 4226 tradamur·
2770 4179 2872 4226 He-

523 4252 627 4310 1⁸⁰st
656 4245 956 4290 cammada
988 4257 1079 4291 esse
1110 4243 1325 4305 presidia
1355 4245 1592 4291 oeroeceutis
1620 4245 1670 4291 in
1730 4259 1837 4298 roes,
1882 4245 2082 4290 indocilis
2115 4246 2250 4292 turba
2283 4246 2511 4292 m'tr‘omm.
2575 4243 2681 4290 Vct.
2719 4241 2868 4290 Schol.

690 4311 767 4348 ute

596 4366 662 4410 87
695 4365 928 4413 Modicum
962 4370 1100 4418 modo
1120 4385 1204 4434 pro
1236 4371 1413 4420 delicias
1443 4373 1595 4436 posuit
1625 4379 1672 4420 et

537 4441 725 4477 suavem
746 4437 929 4475 victum.
961 4430 1019 4478 Β.

1735 4307 1856 4356 Haec
1877 4323 2055 4370 quoque
2085 4309 2350 4356 exclamatio
2373 4309 2613 4372 repentina.
2644 4309 2701 4355 ob
2721 4321 2868 4370 apum

1733 4371 1976 4428 rancidum,
2022 4373 2174 4420 rustici
2215 4381 2264 4420 et
2307 4374 2518 4436 simplicis
2573 4373 2764 4420 bominis
2802 4381 2868 4418 est

1732 4436 1869 4500 digna
1889 4437 2084 4500 ingenio,
2099 4453 2184 4484 nec
2205 4438 2302 4484 sine
2324 4440 2415 4487 risu
2437 4438 2528 4500 legi
2543 4445 2707 4500 potest.
2753 4435 2802 4482 Z.
