3059 5184
761 370 770 377 ’
799 372 928 443 ET
977 372 1526 443 POEMATUM
1572 378 1854 445 ADEO.
2396 386 2520 449 xvii

124 561 422 637 librum
459 566 784 650 alterum,
823 564 1032 637 anuis
1093 564 1414 640 incertis.
1525 563 1735 639 Intra
1792 565 1923 639 hos
1968 568 2333 643 cancellos
2364 594 2517 645 om-

132 690 356 761 nium
395 688 826 764 Poeman'aen
861 686 1140 763 natales
1174 712 1332 762 esse
1381 690 1787 788 ponendos,
1826 704 2031 767 etex
2064 696 2515 793 argumentis

0 803 3 886 ῗ
123 813 604 912 singulorum
643 824 720 888 et
747 838 842 888 ex
871 810 1276 886 Annalium
1311 812 1456 887 fide
1490 817 1879 892 constabit.
1928 816 2115 892 Inde
2151 832 2289 907 est,
2314 819 2517 919 quod

1 943 3 990 ἵ
129 940 224 1011 in
259 939 740 1013 Sea-monibus
774 950 854 1013 et
891 934 1168 1037 Epodis
1201 949 1282 1011 et
1305 936 1733 1014 Carminum
1767 944 2027 1040 prime,
2068 946 2311 1019 Coesar
2332 968 2517 1019 sem-

135 1086 306 1161 per,
361 1088 742 1163 nunquam
781 1064 854 1137 A
857 1074 1158 1158 agustus
1213 1062 1541 1155 dicitur;
1596 1066 1869 1165 quippe
1924 1069 2051 1166 qui
2110 1068 2189 1143 id
2245 1094 2516 1147 nomen

137 1200 598 1262 «consecutus
632 1200 764 1274 est,
787 1210 986 1260 anno
1021 1186 1318 1261 demum
1355 1186 1607 1261 Flacci
1642 1188 2013 1266 XXXIX.
2040 1194 2117 1265 in
2152 1196 2519 1293 sequenti-

139 1314 288 1386 bus
315 1336 506 1386 vero
535 1314 806 1410 passim
827 1314 1198 1411 Augustus
1227 1310 1641 1409 appellatur
1653 1316 1718 1383 ²⁸³.
1811 1312 2001 1387 Inde
2034 1330 2166 1402 est,
2196 1318 2397 1415 quod
2438 1320 2517 1391 in

143 1436 634 1509 Sei-monibus
691 1450 770 1509 et
827 1430 1110 1533 Epodis
1152 1434 1204 1513 J
1204 1460 1518 1511 uvenem
1582 1462 1661 1510 se
1722 1436 1999 1537 ubique
2063 1440 2389 1531 indicat3
2442 1455 2521 1517 et

141 1559 357 1658 quod
415 1558 572 1633 sola
605 1559 1004 1635 Satirarum
1062 1558 1290 1635 laude
1347 1559 1769 1637 inclaruisse
1803 1586 1881 1637 se
1916 1564 2119 1653 dicit,
2160 1578 2247 1640 ut
2278 1566 2521 1641 Buco-

141 1685 464 1758 licorum
524 1684 1120 1783 tum-Virgilium
1155 1686 1423 1784 (Serm.
1465 1685 1526 1758 Ι.
1573 1694 1689 1760 10.
1730 1672 1799 1759 ἰν.
1834 1688 2001 1783 46.)
2056 1689 2259 1764 nulla
2310 1690 2521 1801 Lyri-

1 1799 3 1860 fi
139 1833 412 1883 corum
445 1809 822 1883 mentione
855 1807 1076 1883 facta.
1187 1810 1276 1883 In
1313 1811 1577 1887 ceteris
1608 1824 1857 1886 autem
1908 1808 2217 1911 singulis
2262 1838 2517 1915 proce-

143 1934 394 2009 dentis
427 1935 668 2009 aetstis
701 1933 980 2031 gradus
1009 1932 1448 2033 plenissimis
1477 1936 1705 2034 signis
1738 1936 2067 2029 indicat3
2120 1939 2345 2039 idque
2380 1942 2516 2017 tibi

141 2082 240 2135 ex
297 2058 446 2133 hac
509 2060 696 2133 serie
739 2058 902 2159 jam
935 2084 980 2131 a
1013 2084 1132 2133 me
1169 2060 1667 2136 demonstrata
1710 2061 2129 2161 jucundum
2185 2065 2325 2137 erit
2368 2067 2519 2139 ani-

141 2186 668 2277 madvertere3
725 2210 898 2260 cum
935 2184 1280 2285 operibus
1315 2184 1773 2285 juvenilibus
1806 2184 2041 2261 multa
2072 2185 2417 2260 obscaena
2442 2200 2523 2261 et

1 2357 3 2410 ς
145 2311 518 2411 flagitiosa
549 2312 780 2385 insint
805 2338 833 2402 3
887 2320 1168 2410 quanto
1197 2312 1410 2383 annis
1442 2292 1870 2410 provectior
1900 2322 2079 2399 erat,
2115 2322 2327 2387 tanto
2352 2334 2523 2387 eum

0 4071 12 4290 ι

145 2448 226 2511 et
255 2437 562 2537 poetica
583 2437 864 2511 virtute
883 2446 964 2509 et
996 2446 1599 2533 argumentorum
1626 2434 1983 2535 dignitate
2016 2438 2523 2537 gravitateque

145 2560 560 2636 meliorem·
596 2562 1132 2660 castioremque
1187 2584 1474 2661 semper
1529 2563 1859 2635 evasisse.
1971 2561 2323 2636 Ceterum
2368 2558 2527 2637 ubi-

146 2710 468 2785 cunque
495 2686 644 2759 viri
701 2684 1095 2759 doctissimi
1146 2696 1358 2760 extra
1408 2684 1681 2761 limites
1706 2685 1831 2762 hic
1863 2688 2139 2784 positos
2172 2687 2249 2759 in
2285 2684 2523 2784 adsig-

143 2810 434 2885 nandis
467 2810 910 2909 temporibus
944 2823 1372 2909 evagantur,
1411 2810 1631 2885 toties
1680 2808 1792 2885 illi
1840 2812 1917 2883 in
1964 2834 2245 2885 errores
2292 2808 2527 2911 prola-

141 2938 464 3010 buntur.
518 2932 764 3009 Facile
784 2934 1088 3036 quidem
1112 2936 1294 3009 mihi
1327 2933 1524 3009 foret
1556 2934 1637 3009 id
1660 2936 1739 3009 in
1766 2933 2071 3033 singulis
2097 2932 2521 3025 ostendere3

146 3085 414 3137 verum
451 3084 686 3134 unum
725 3060 948 3135 modo
981 3058 1386 3135 alterumve
1437 3050 1613 3135 hinc
1660 3060 2041 3158 attingam,
2082 3070 2329 3133 cetera
2374 3070 2527 3133 tue

149 3186 540 3261 industriae
601 3183 1062 3285 relinquens.
1167 3183 1376 3258 Libri
1450 3184 1514 3258 I.
1597 3184 1917 3259 Carmen
1986 3191 2109 3257 ⁶21.
2214 3182 2531 3263 Dianam

1 3359 4 3448 ἱ
147 3326 420 3387 teneroe
452 3308 668 3385 dicite
711 3310 1070 3405 Virgine-5,
1121 3331 1508 3409 perperam
1556 3310 1917 3387 Seculare
1960 3318 2253 3393 vocant,
2308 3318 2387 3381 et
2436 3305 2529 3382 ad

157 3436 462 3513 Horatii
511 3458 792 3510 annum
829 3432 1119 3527 XLIX.
1157 3432 1492 3515 referunt
1522 3463 1547 3527 3
1601 3436 1941 3533 ringente
1975 3432 2351 3520 Suetonio,
2404 3431 2533 3533 qui

153 3576 306 3639 tres
346 3560 788 3637 Can-minum
847 3557 1072 3637 libros
1105 3558 1326 3657 longo
1361 3560 1737 3641 intervallo
1780 3580 1965 3633 eum
2026 3579 2298 3633 annum
2348 3580 2537 3658 proe·

153 3688 472 3763 cessisse
501 3696 838 3761 testatur.
905 3682 1142 3783 Atqui
1168 3680 1348 3757 nihil
1383 3684 1777 3783 quicquam
1804 3682 1926 3800 hic
1952 3680 2047 3757 de
2068 3682 2541 3759 secularibus

231 3958 272 3993 ω
317 3948 390 4008 si
439 3957 592 4007 reete
622 3966 802 4004 anno.
835 3922 971 4003 vitia
1017 3944 1248 4005 Horatii
1290 3962 1420 4001 eum
1464 3942 1837 4003 varronianis
1884 3942 2059 4002 Urbi.
2086 3940 2345 4001 condita
2386 3956 2537 3997 oom-

161 4053 389 4131 pnravit
439 4050 770 4117 Musaeum,
815 4046 1060 4127 Augusti
1095 4046 1532 4129 appellationem
1588 4046 1839 4127 suscepit
1886 4046 2239 4105 Octavianus
2278 4041 2539 4117 (ineunte

165 4156 240 4212 A.
271 4154 351 4212 U.
383 4154 454 4213 C.
485 4152 652 4225 727.)
702 4171 854 4210 anno
895 4149 1085 4210 adhue
1119 4148 1348 4208 Horatii
1387 4147 1761 4209 XXXVIII.
1804 4167 1973 4226 quem
2016 4144 2161 4202 libro
2200 4144 2383 4224 primo
2418 4166 2539 4205 eer-

163 4258 394 4315 minum
417 4256 616 4316 adhuc
639 4253 910 4314 attribuit
936 4255 1058 4333 ipse
1092 4252 1430 4312 Bentleius:
1472 4262 1532 4311 et
1558 4254 1681 4331 ipse
1707 4262 1860 4309 recte
1887 4246 2095 4307 retInct
2122 4259 2365 4309 veterem
2392 4249 2540 4309 titu-

163 4361 296 4418 lum
329 4359 468 4419 odoe
502 4356 766 4417 secunda
789 4356 926 4415 libri
959 4356 1137 4433 primi
1174 4374 1254 4413 An
1295 4372 1653 4413 Auoos'ruu.
1736 4352 1871 4409 vid.
1920 4351 2071 4409 dicta
2117 4352 2195 4410 ibi
2235 4352 2325 4411 ad.
2360 4372 2417 4411 v.
2443 4352 2542 4410 29.

171 4464 376 4522 Ges-s.

2100 4562 2147 4631 b
