3059 5184
811 215 1154 283 METRA
1203 214 1803 285 HORATIANA.
2337 214 2487 281 xlvii

113 427 172 467 se
195 402 338 470 facit
369 402 698 469 canticum
725 400 812 467 ad
860 401 1196 467 Canidiam
1221 415 1288 468 et
1317 402 1748 479 Palinodiam3
1792 398 1943 466 alibi
1996 398 2315 467 Trimeter
2362 400 2486 467 Di·

113 528 308 579 metro
331 513 771 600 praemittitur,
806 511 1016 597 Epod.
1048 536 1086 577 a
1114 522 1169 577 1.
1198 513 1280 578 ad
1315 522 1410 580 10.
1441 526 1553 579 aut
1584 512 1813 578 Heroo
1840 532 2037 599 purus
2066 510 2484 599 subjungitur,

22 624 24 633 '
117 624 318 708 Epod.
341 635 452 691 16.
481 634 596 687 aut
615 622 893 709 denique
920 622 1336 706 praetenditur
1369 624 1725 690 Horatiano
1742 644 1853 687 seu
1877 618 2289 685 Archilochio
2316 640 2489 683 com·

21 644 29 879 Ι
115 736 314 817 posito
343 756 436 799 ex
467 732 966 798 Penthemimeri
993 730 1328 819 Dactylico
1355 748 1420 799 et
1451 734 1731 799 Iambico
1760 732 2072 797 Dimetro.
2147 728 2489 815 Epod.11.

22 922 25 941 μ
199 854 302 909 12.
345 844 812 925 Asclepiadem
877 844 1404 927 Dodecasyllabum
1434 880 1457 917 ,·
1525 844 1735 930 ipsum
1786 842 2161 907 cantilenam
2204 838 2490 905 absolvit.

22 942 24 953 ¹
124 958 196 1020 L.
231 966 286 1019 1.
335 954 424 1019 O.
458 964 514 1018 1.
607 952 998 1038 Glyconium
1027 950 1442 1039 subsequitur.
1485 954 1564 1019 L.
1604 963 1657 1017 l.
1708 953 1793 1018 O.
1820 962 1879 1019 8.
1908 965 2027 1017 etc.
2052 962 2233 1017 terna
2256 970 2493 1036 praece·

121 1066 276 1129 dunt
303 1063 721 1153 Glyconium.
769 1061 845 1125 L.
878 1071 932 1125 1.
981 1059 1064 1126 Ο.
1092 1072 1153 1127 6.
1171 1076 1287 1127 etc.
1319 1064 1468 1128 bina
1489 1064 1609 1129 sibi
1639 1074 1987 1151 aggregant
2022 1058 2495 1125 Pherecratium

123 1198 258 1241 cum
283 1174 636 1261 GlyconiO.
680 1171 760 1236 L.
798 1182 851 1236 l.
897 1170 980 1236 Ο.
1012 1180 1072 1237 5.
1101 1186 1166 1237 et
1193 1174 1447 1259 saepius.

209 1291 308 1346 13.
349 1284 726 1366 sapphicum
774 1282 1354 1368 Hendecawllabum
1375 1318 1398 1356 ‚·
1465 1284 1651 1349 unius
1693 1282 1953 1349 omnino
2006 1282 2229 1369 figuras
2272 1238 2499 1365 qffiarto

129 1393 444 1457 clauditur
475 1391 774 1457 Adonio:
820 1393 1070 1477 passim.

255 1513 360 1567 14.
391 1502 706 1567 Alcaicum
734 1504 1316 1588 Hendecasfyllabum
1339 1540 1362 1578 ,-
1397 1504 1629 1593 ubique
1658 1504 1777 1570 sibi
1804 1526 1923 1589 par
1950 1512 2195 1567 constat
2222 1521 2306 1565 ex
2336 1498 2505 1563 Pen-

131 1613 498 1678 themimere
545 1613 828 1677 iambica
867 1629 930 1677 et
973 1613 1106 1677 basi
1151 1612 1480 1700 dactylica.
1571 1614 1787 1679 Prima
1828 1612 2211 1679 combinatio
2252 1622 2351 1676 est
2390 1630 2505 1675 sex

133 1739 446 1809 septemve
475 1734 856 1809 temporum.
921 1722 1084 1787 Bina
1109 1722 1655 1811 Hendecasyllaba
1682 1724 1943 1791 ducunt.
2004 1722 2503 1789 Enneemimeris

137 1835 414 1901 Iambica
450 1836 756 1921 sequitur.

217 1956 318 2012 15.
346 1945 662 2010 Alcaicmn
704 1945 1166 2029 Decasyllabum
1211 1946 1380 2033 cogit
1419 1969 1669 2034 agmen.
1758 1946 1953 2012 Hanc
1994 1946 2289 2011 carminis
2330 1968 2503 2011 com-

137 2056 496 2141 plexionem
535 2054 848 2119 Horatius
877 2054 1184 2140 imprimis
1213 2055 1571 2121 celebravit.

221 2176 318 2233 16.
349 2168 728 2231 Phalaecium
757 2166 1230 2249 Autispasticum
1279 2168 1734 2232 Tetrametrum.
1824 2166 2015 2231 Ratio
2058 2186 2171 2229 cur
2227 2164 2354 2228 hoc
2394 2186 2509 2229 no-

141 2278 304 2341 mine
327 2276 710 2364 insigniatur
737 2290 840 2341 est
863 2298 945 2340 ex
979 2275 1258 2341 Canone.
1309 2276 1623 2363 Epitritus
1655 2289 1715 2343 4.
1760 2275 2113 2361 Autispast.
2160 2275 2509 2361 Autispast.

143 2386 494 2450 DiiambuS.
584 2385 722 2450 Nos
751 2398 966 2450 autem
994 2386 1056 2450 id
1087 2388 1332 2475 agimus
1363 2402 1453 2465 ut,
1481 2386 1653 2475 quod
1682 2387 1823 2451 fieri
1851 2400 2078 2473 potest,
2109 2387 2275 2452 intra
2302 2384 2514 2473 trisyl-

143 2494 312 2559 labos
353 2494 556 2581 pedes
583 2495 1032 2574 subsistamus3
1075 2520 1272 2584 quare
1301 2520 1526 2563 versum
1554 2496 2167 2582 keccaedecasyllabum
2212 2519 2329 2583 per
2356 2496 2514 2562 duas

145 2604 444 2669 Caesuras
471 2604 980 2671 Penthemimere
1027 2620 1093 2673 et
1141 2606 1558 2673 Triemimere
1588 2609 1926 2695 carpimuS,
1958 2607 2163 2673 donec
2208 2605 2275 2671 in
2322 2606 2517 2673 Basin

147 2714 558 2801 Dactylicam
590 2713 945 2797 deponatur.
1011 2716 1156 2781 Lib.
1195 2726 1248 2781 1.
1297 2716 1424 2783 od.
1453 2728 1553 2783 ll.
1601 2718 1679 2784 L.
1712 2728 1771 2783 4.
1821 2719 1905 2786 O.
1942 2728 2042 2785 10.

241 2834 270 2888 1
287 2834 350 2893 7.
381 2823 686 2887 Alcaicum
715 2823 804 2888 vei
828 2825 1324 2892 Anacreontium
1353 2830 1699 2893 Dimetrum
1726 2830 2248 2915 Heptagtllabum.
2295 2828 2521 2906 Quod-

151 2956 410 3021 cunque
458 2948 720 2999 metrum
769 2948 1012 3000 constat
1049 2958 1133 3001 ex
1163 2938 1450 3024 Dactylis
1493 2951 1559 3003 et
1601 2938 1952 3017 Trochaeis,
1985 2940 2415 3025 Logaoedicon,
2453 2938 2520 3004 id

151 3056 248 3107 est
269 3046 714 3109 Proemnetrum
741 3044 1132 3129 appellatur3
1176 3069 1254 3110 eo
1283 3046 1561 3112 fortassis
1591 3048 1761 3135 quod
1793 3048 2056 3113 Asiatici
2088 3049 2388 3115 Oratores
2417 3070 2520 3114 or-

157 3154 294 3219 bem
323 3152 668 3218 verborum
699 3154 1049 3219 ditrochoeo
1079 3155 1348 3221 libenter
1375 3157 1787 3225 claudebant:
1833 3160 1985 3225 alias
2024 3180 2106 3225 ex
2138 3156 2523 3226 Choriambo

157 3276 216 3327 et
245 3264 548 3328 Bacchi0.
637 3262 783 3327 Lib.
821 3273 877 3328 1.
925 3264 1007 3331 O.
1029 3277 1088 3333 8.

245 3384 343 3439 18.
371 3374 738 3458 Βαῃῆἰεωπ
765 3376 1323 3459 Hephthemimeres
1349 3400 1494 3443 cum
1525 3380 1921 3465 supraposito
1950 3381 2199 3447 Alcaico
2224 3384 2525 3448 Dimetro.

161 3486 462 3570 Superior
488 3506 711 3549 versus
750 3508 896 3550 cum
943 3486 1066 3551 hoc
1094 3488 1184 3553 sic
1213 3490 1618 3577 conjungitur
1644 3488 1813 3575 apud
1847 3490 2209 3558 Horatium.
2298 3494 2527 3561 Verior

157 3593 452 3658 metiendi
509 3594 676 3659 ratio
727 3606 824 3659 est
879 3618 996 3681 per
1042 3596 1407 3683 Epitritum,
1461 3600 1560 3665 vel
1616 3600 1925 3688 Hippium
1977 3604 2323 3669 secundu‘m
2366 3605 2525 3669 duos

161 3704 580 3769 Chol-iambos
625 3717 692 3770 et
743 3704 1104 3772 Bacchium.
1193 3710 1504 3775 Alcaicum
1536 3714 2235 3800 Pemecaedecasydabum
2280 3714 2525 3779 dicitur.

161 3814 242 3878 L.
277 3822 336 3878 1.
384 3812 467 3879 O.
497 3825 555 3880 8.

248 3932 350 3991 19.
381 3924 650 3992 lonicum
677 3952 720 3991 a
749 3930 976 3992 minori
1006 3930 1485 4017 Triwkythmum
1504 3933 1911 4003 Acatalectum
1930 3974 1953 4010 ,-
2002 3936 2165 4001 binis
2193 3932 2529 4019 trit-rhyth-

163 4034 278 4098 mis
304 4034 714 4123 subjungitur
740 4038 1324 4125 tetrarrhythmum.
1413 4040 1492 4107 L.
1517 4052 1577 4107 3.
1625 4043 1707 4110 Ο.
1746 4054 1841 4110 12.

249 4152 348 4209 20.
375 4146 830 4227 Archilochimn
875 4154 1294 4235 compositum
1346 4174 1428 4217 ex
1477 4163 1631 4219 tome
1656 4156 1947 4224 Bucolica
1995 4155 2168 4244 quod
2212 4168 2309 4223 est
2340 4166 2530 4225 tetra-
