3059 5184
573 379 661 448 xii
1137 380 1196 445 J.
1243 380 1340 446 M.
1383 376 1788 445 GESNERI
1834 374 2349 443 PRAEFATIO.

573 563 834 639 ceteris
865 562 1378 639 Grammaticis
1392 564 1456 652 ⁴⁶,
1515 562 1667 639 tum
1706 562 2073 650 Diomedi,
2124 562 2248 660 qui
2284 560 2646 635 Prisciauo
2682 570 2911 635 certe

575 698 649 763 et
683 697 892 761 sexto
921 686 1188 763 saeculo
1217 700 1466 765 nostro
1497 702 1609 763 est
1642 690 2023 786 antiquior,
2060 686 2397 782 idemque
2432 682 2606 757 odas
2628 706 2909 757 omnes

573 816 814 910 poetae
865 836 955 886 eo
987 814 1145 911 ipso
1177 812 1456 902 ordine,
1491 838 1638 912 quo
1670 812 2028 886 habentur
2058 814 2134 884 in
2182 810 2379 883 libris
2428 810 2711 894 nostriS,
2776 832 2913 882 re-

577 947 828 1013 censet
847 944 882 1008 ?
983 936 1278 1011 Poetam
1303 937 1596 1036 quidem
1647 939 1881 1035 ipsum
1914 937 2147 1035 primo
2194 932 2413 1006 libros
2449 942 2595 1006 tres
2630 933 2907 1006 carmi-

577 1084 776 1147 num,
815 1060 1078 1135 deinde
1098 1060 1474 1135 intervallo
1500 1060 1723 1157 longo
1740 1060 2165 1157 interposito
2190 1068 2523 1156 quartum
2546 1057 2901 1143 edidisse,

577 1194 850 1261 auctor.
873 1195 984 1258 est
1017 1184 1402 1261 Suetonius
1434 1186 1506 1258 in
1546 1185 1739 1277 vita3
1795 1184 1916 1259 cui
1966 1184 2071 1257 rei
2102 1180 2317 1280 plane
2368 1180 2727 1255 Sanadoni
2778 1182 2907 1254 in-

575 1308 910 1385 stitutum
941 1320 1352 1408 repugnat..

677 1432 815 1509 Sed
880 1456 1120 1530 operae
1176 1432 1490 1530 pretium
1546 1442 1678 1515 est,
1741 1430 1814 1501 h.
1854 1454 1921 1503 e.
1974 1429 2312 1504 studiosis
2385 1428 2697 1517 Horatii,
2757 1430 2903 1527 qui

577 1554 1082 1630 Bentleianum
1119 1552 1486 1653 exemplar
1509 1553 1607 1626 ad
1637 1577 1891 1627 manus
1940 1576 2087 1625 non
2139 1551 2431 1637 habent,
2485 1576 2909 1626 accommo-

579 1678 851 1765 datum,
889 1679 1061 1776 poni
1093 1690 1258 1777 post
1305 1678 1494 1751 hanc
1543 1676 2041 1776 praefationem
2086 1676 2327 1751 locum
2378 1678 2739 1773 integrum
2796 1701 2907 1749 ex

577 1800 1004 1899 proefatione
1035 1803 1171 1877 viri
1203 1804 1468 1899 magni,
1523 1826 1670 1899 quo
1714 1816 2042 1901 tempora
2072 1803 2415 1877 librorum
2456 1802 2745 1875 Horatii
2778 1826 2911 1874 or-

581 1924 832 2015 dinat3
891 1925 984 1998 de
1037 1950 1184 2023 quo
1233 1926 1373 1999 hoc
1423 1936 1621 1999 certe
1674 1926 2093 2000 confirmare
2142 1950 2457 2026 possum,
2516 1950 2659 2014 me,
2714 1925 2905 1999 dum

579 2072 923 2125 recenseo
955 2050 1270 2147 singulas
1306 2048 1647 2147 Eclogas,
1696 2050 2082 2148 diligenter
2136 2050 2550 2137 attendisse,
2604 2052 2663 2123 si
2713 2050 2907 2147 quid
2956 2042 2963 2045 ’

577 2173 1242 2249 essetBentleianis
1275 2186 1685 2271 temporum
1724 2176 2121 2249 rationibus
2155 2174 2557 2261 adversum,
2594 2198 2733 2247 nec
2770 2173 2907 2247 de-

577 2296 1042 2395 prehendisse
1075 2298 1494 2396 quidquam,
1552 2297 1749 2395 quod
1794 2310 2243 2373 momentum
2278 2297 2571 2397 aliquod
2604 2297 2697 2371 ad
2730 2322 2901 2371 eam

581 2420 1046 2495 evertendam
1079 2421 1400 2509 haberet,
1437 2421 1613 2495 licet
1644 2422 2073 2521 quibusdam
2107 2421 2401 2521 Eclogis
2452 2446 2597 2497 non
2630 2424 2907 2520 impro-

467 2554 486 2566 “
582 2542 804 2619 babili
835 2544 1114 2617 ratione
1140 2542 1330 2618 forte
1362 2556 1650 2644 tempus
1684 2546 1901 2621 etiam
1952 2546 2172 2635 aliud,
2211 2536 2575 2621 recentius
2599 2570 2907 2645 praeser-

581 2667 736 2752 tim,
771 2668 999 2763 possit
1021 2666 1354 2741 adscribi.
1457 2670 1577 2743 De
1614 2670 1955 2745 Saeculari
1989 2672 2327 2745 Carmine
2362 2696 2493 2745 suo
2522 2670 2693 2745 loco
2722 2673 2903 2745 satis

581 2788 882 2875 dictum,
921 2802 996 2863 et
1027 2789 1402 2865 laudatum
1451 2794 1826 2891 ingenium
1888 2794 2271 2869 Sanadoni.
2375 2794 2609 2869 Possit
2640 2794 2905 2895 aliquis

583 2912 834 2987 drama
856 2912 1058 2988 velut
1091 2916 1458 3012 quoddam
1494 2942 1643 2994 non
1678 2917 1999 2992 absimile
2034 2927 2423 2991 contexere
2459 2942 2551 2992 ex
2585 2920 2692 3006 iis,
2731 2944 2905 3017 quae

581 3037 656 3109 in
685 3037 1071 3115 ,Canidiam
1107 3042 1373 3139 scripta
1405 3054 1597 3128 sunt,
1646 3044 1708 3115 si
1746 3042 2016 3140 jungat
2068 3041 2292 3115 Serm.
2334 3050 2399 3113 1.
2440 3049 2509 3115 8.
2551 3042 2783 3141 Epod.
2820 3052 2901 3117 5.

577 3171 658 3237 ct
694 3168 808 3247 17.
845 3159 1158 3261 denique
1189 3164 1432 3239 Carm.
1475 3175 1541 3238 1.
1584 3162 1699 3238 16.
1749 3167 1872 3264 qui
1908 3166 2061 3263 ipse
2095 3164 2277 3238 ordo
2322 3191 2417 3239 ex
2466 3177 2905 3265 argumento

584 3282 876 3358 elucens
920 3285 1222 3383 pulchre
1273 3287 1773 3362 Bentleianam
1824 3289 1917 3363 de
1968 3291 2411 3387 temporibus
2462 3290 2905 3391 hypothesin

581 3408 979 3484 confirmat.

683 3532 872 3619 Quoe
905 3534 1146 3611 adhuc
1183 3538 1563 3636 disputavi,
1600 3562 1689 3611 ea
1720 3537 1816 3611 ad
1844 3536 2040 3611 illam
2081 3538 2236 3614 fere
2285 3550 2565 3638 partem
2618 3537 2905 3614 consilii

661 3726 696 3763 ⁶
735 3726 980 3808 Exeipio
1004 3730 1181 3791 solum
1213 3733 1479 3793 Priscian.
1505 3735 1547 3795 i.
1580 3732 1671 3794 14.
1708 3756 1768 3815 p.
1793 3735 1930 3804 997.
1956 3737 2101 3796 med.
2129 3737 2228 3799 ubi
2262 3738 2473 3799 citatur
2513 3740 2717 3799 Horat.
2752 3722 2837 3797 in·
2866 3741 2893 3799 l

583 3830 713 3890 Car.
739 3830 962 3890 Ludere
984 3854 1104 3890 cum
1131 3834 1318 3893 vitulis
1341 3836 1537 3895 salicto
1564 3838 1980 3915 Pru-gestientis
1992 3862 2020 3905 ;
2060 3840 2209 3918 quod
2234 3850 2322 3900 est
2348 3842 2477 3899 Car.
2502 3842 2561 3900 2.
2586 3842 2643 3900 5.
2668 3844 2726 3901 9.
2778 3842 2905 3902 Sed

581 3932 715 3992 licet
733 3932 816 3993 ita
840 3934 916 3993 sit
935 3933 1102 3993 etiam
1129 3936 1190 3995 in
1215 3937 1475 3998 editionis
1499 3940 1729 3999 Aldinae
1755 3952 1813 4000 et
1840 3942 2179 4001 Basileensis
2204 3942 2636 4023 exemplaribus,
2658 3964 2769 4003 non
2788 3944 2907 4004 du-

583 4034 704 4095 bito
727 4037 866 4114 quin
891 4036 1144 4117 sphalma
1169 4039 1243 4097 sit
1268 4038 1354 4096 illi
1383 4040 1564 4099 simile
1588 4042 1739 4120 quod
1756 4044 1796 4103 i.
1822 4042 1876 4101 6.
1904 4064 1961 4123 p.
1988 4042 2122 4103 689.
2148 4044 2296 4103 med.
2321 4056 2591 4123 tanquam
2622 4066 2693 4105 ex
2717 4046 2909 4125 primo

585 4136 793 4197 citatur
832 4159 1024 4199 versus
1066 4139 1290 4200 Horatii
1334 4142 1465 4201 Car.
1509 4144 1568 4202 2.
1596 4144 1687 4202 15.
1732 4144 1822 4202 14.
1852 4144 2030 4203 Nulla
2074 4146 2410 4225 decempedis
2450 4156 2557 4207 etc.
2604 4146 2752 4227 quod
2777 4146 2908 4228 ipse

589 4232 908 4301 Priscianus
933 4242 1209 4312 emendat,
1237 4244 1334 4323 qui
1361 4243 1401 4301 i.
1425 4244 1484 4303 8.
1509 4266 1569 4325 p.
1595 4244 1729 4315 794.
1756 4268 1840 4327 pr.
1868 4246 2061 4309 laudat
2087 4270 2157 4309 ex
2182 4248 2433 4309 secundo.
