3059 5184
604 370 660 431 ii
1159 362 1222 437 s.
1267 360 1363 429 M.
1409 358 1814 429 GESNERI
1861 356 2377 427 PRAEFATIO.

597 549 914 647 grassari
955 548 1034 625 in
1077 546 1316 634 libros,
1371 558 1454 621 ut
1499 550 1575 621 in
1624 544 2145 645 discipulorum
2190 566 2417 643 pensa
2458 540 2645 617 solet
2676 562 2963 615 emen-

611 671 850 745 datrix
883 694 1136 743 manus
1170 674 1678 771 praeceptoris:
1726 670 1855 745 sed
1887 670 2021 743 nisi
2052 669 2161 761 ita
2189 668 2443 755 mollis,
2482 670 2587 743 ita
2614 664 2955 765 liquida,

607 796 713 869 ita
773 792 988 882 clara,
1058 796 1160 869 ita
1214 798 1434 870 unica
1487 798 1584 869 sit
1642 794 2075 880 emendatio,
2142 790 2359 890 plane
2416 792 2529 866 uti
2584 790 2957 863 dubitare

585 916 884 993 -homini
949 940 1188 993 rerum
1253 922 1488 1017 perito
1554 944 1703 993 non
1759 918 1997 1005 liceat,
2068 915 2439 991 modestiae
2505 924 2771 989 nostrae
2848 924 2959 985 et

607 1042 962 1117 bonorum
1009 1042 1354 1119 librorum
1401 1043 1805 1141 integritati
1852 1044 2093 1140 potius
2140 1041 2244 1115 ita
2290 1036 2771 1128 consulamus,
2842 1046 2963 1109 ut

607 1166 684 1239 in
717 1166 1063 1263 margine.
1118 1166 1296 1265 quid
1328 1166 1537 1241 nobis
1569 1166 1921 1255 videatur,
1974 1163 2399 1239 indicemus,

702 1289 878 1363 Dici
909 1313 1056 1365 non
1087 1299 1349 1387 potest,
1381 1313 1601 1386 quam
1632 1288 1845 1365 facile
1880 1290 1973 1363 sit
2006 1287 2127 1363 hic
2160 1284 2337 1371 falli,
2380 1284 2549 1372 labi,
2598 1308 2953 1359 corrum-

603 1436 774 1511 pere
857 1413 1054 1511 quod
1121 1410 1505 1485 emendare
1554 1410 1755 1482 velis.
1856 1412 2049 1483 Cum
2112 1408 2560 1483 concedatur
2623 1408 2951 1483 senibus

599 1530 1160 1632 τεςιοιυτολογεῒν,
1210 1532 1447 1605 dicam
1493 1531 1670 1631 quid
1722 1530 1901 1605 mihi
1947 1556 2087 1605 usu
2134 1533 2439 1605 venerit.
2538 1530 2777 1605 Fuere
2828 1532 2945 1605 ab

601 1654 1087 1729 adolescentia
1149 1654 1322 1729 inde
1371 1680 1536 1730 mea
1584 1656 1819 1742 amici,
1888 1654 2155 1729 eruditi
2220 1678 2393 1730 sane
2452 1655 2781 1729 homines
2848 1667 2945 1731 et

601 1780 978 1877 ingeniosi,
1033 1779 1159 1877 qui
1199 1778 1510 1853 subinde
1556 1790 1980 1855 accusarent
2019 1803 2255 1853 meam
2286 1780 2365 1853 in
2398 1777 2945 1853 emendationi-

601 1904 736 1979 bus
795 1902 916 1977 vel
971 1900 1220 1977 alienis
1278 1900 1396 1979 vel
1453 1902 1633 1977 meis
1698 1901 2164 1977 admittendis
2230 1902 2669 1977 tarditatem.
2772 1902 2945 1977 Sed

599 2025 832 2101 fateor
877 2026 1217 2124 ingenue,
1287 2027 1667 2125 aliquoties
1718 2036 1963 2098 tamen
2014 2051 2184 2099 cum
2232 2028 2431 2099 omni
2484 2025 2629 2117 illa,
2698 2052 2941 2125 quam

579 2163 740 2249 :ego
789 2152 1202 2227 cautionem
1253 2149 1723 2250 appellabam,
1794 2150 1933 2247 ipsi
1980 2149 2466 2237 timiditatem,
2536 2149 2939 2248 aliquoties

597 2274 776 2352 mihi
825 2300 962 2349 usu
1008 2276 1311 2363 venisse,
1363 2286 1450 2349 ut
1497 2284 1717 2347 aucto
1766 2272 2045 2349 scilicet
2090 2298 2333 2349 rerum
2382 2274 2935 2373 verborumque

597 2422 760 2483 usu,
809 2399 1289 2473 retractandae
1341 2409 1583 2473 essent
1638 2396 2199 2485 emendationes,
2260 2422 2427 2496 quae
2476 2397 2689 2471 valde
2736 2397 2933 2473 mihi

595 2518 1040 2618 placuerant.
1147 2570 1153 2575 -

697 2642 869 2728 Quo
917 2643 1154 2715 minus
1217 2640 1528 2739 poenitet
1583 2642 1661 2713 in
1724 2642 2034 2718 Horatio
2102 2666 2390 2717 causam
2457 2656 2925 2743 receptarum

592 2766 994 2842 lectionum
1052 2764 1450 2863 suscepisse
1499 2786 1649 2837 non
1698 2788 2071 2863 nunquam
2130 2778 2385 2840 contra
2438 2768 2675 2865 ipsum
2724 2768 2927 2843 Ben-

594 2888 870 2975 tleium,
925 2890 1143 2963 etiam
1177 2888 1304 2963 ubi
1335 2887 1669 2961 irascitur
1704 2892 1825 2987 (ut
1856 2887 1951 2961 ad
1986 2890 2151 2963 Art.
2190 2888 2395 2965 Ροὲῐ.
2431 2892 2663 2985 4410,
2718 2894 2927 2989 quod

593 3012 830 3087 solent
861 3036 1009 3087 non
1043 3036 1416 3112 nunquam
1448 3012 1587 3086 viri
1622 3011 1845 3101 docti,
1888 3036 2056 3087 cum
2090 3023 2355 3111 putant
2386 3014 2717 3113 iniquum
2748 3041 2921 3091 esse

567 3136 900 3211 ,librariis
947 3136 1444 3212 semibarbaris
1494 3135 1657 3235 plus
1700 3136 1869 3211 fidei
1910 3136 2159 3211 haberi
2190 3162 2410 3239 quam
2444 3161 2595 3215 suae
2626 3140 2919 3228 rationi,

591 3259 734 3335 hoc
787 3271 896 3337 est
947 3271 1170 3335 rectae
1191 3287 1214 3333 ε
1269 3262 1472 3359 quasi
1521 3261 1866 3336 vicissent
1914 3284 2091 3335 vero
2140 3285 2342 3335 suam
2392 3263 2743 3338 rationem
2788 3262 2921 3339 hic

588 3408 748 3460 esse
777 3394 1076 3459 rectam.
1181 3385 1456 3459 Contra
1499 3383 1689 3458 hanc
1736 3384 2152 3458 criticorum
2188 3386 2666 3484 quorumdam
2698 3386 2925 3461 vehe-

589 3508 934 3585 mentiam
967 3518 1322 3582 armatum
1353 3519 1612 3606 pectus
1644 3507 1911 3583 habere
1946 3507 2167 3583 debet
2190 3508 2484 3583 Horatii
2514 3512 2917 3608 praesertim

589 3628 850 3719 editor,
897 3642 976 3705 et
1018 3630 1233 3705 malle
1277 3656 1448 3707 cum
1483 3631 1885 3705 Philoxeno
1926 3632 2032 3704 ire
2074 3633 2153 3705 in
2188 3632 2635 3723 Lautumias,
2690 3658 2913 3735 quam

587 3753 882 3835 laudare
915 3778 1064 3831 non
1095 3756 1343 3843 bonas,
1395 3754 1898 3854 cujuscunque
1933 3754 2225 3830 demum
2260 3757 2425 3845 sint,
2480 3782 2698 3857 quam
2728 3760 2913 3833 reci-

585 3903 760 3977 pere
791 3877 1130 3976 pulchras
1159 3880 1642 3977 quantumvis,
1672 3878 1801 3953 sed
1827 3879 2065 3953 minus
2090 3881 2549 3968 necessariaS,
2574 3881 2913 3959 emenda·

587 4006 846 4084 tiones.

689 4128 844 4215 Qui
873 4127 1014 4203 hoc
1043 4136 1308 4227 potest,
1360 4125 1482 4200 ille
1517 4124 1751 4199 multo
1784 4126 2021 4201 minus
2054 4128 2465 4203 movebitur
2496 4130 2588 4205 ab
2624 4131 2735 4217 iis,
2775 4134 2905 4228 qui

591 4246 708 4323 vel
733 4253 1052 4331 omnium
1078 4252 1428 4331 bonarum
1453 4274 1697 4327 rerum
1716 4250 1955 4344 rudeS,
1980 4251 2095 4326 vel
2122 4264 2320 4329 certe
2348 4256 2717 4331 suavitatis
2735 4264 2905 4354 poi}-
