3059 5184
556 453 646 495 xx
796 426 1270 503 PRAESIDIA
1317 422 1767 501 QUAEDAM
1816 422 2124 488 HUJUS
2171 418 2679 487 EDITIONIS.

661 614 810 689 III.
866 614 1194 687 Donavit
1228 610 1429 697 mihi,
1469 612 1593 684 cui
1644 606 1783 683 alia
1834 619 1910 681 et
1960 606 2235 707 majora
2286 604 2543 693 debe0,
2595 602 2917 702 plurima

559 740 861 817 debebit
934 736 1136 825 olim,
1200 738 1260 812 si
1337 736 1549 811 Deus
1616 732 1881 820 faveat,
1958 730 2335 806 literarum
2406 754 2521 804 res
2592 728 2917 829 publica,

562 889 1015 941 emus'ropn.
1053 886 1315 937 sAxrus
1361 862 1459 936 V.
1501 860 1587 935 C.
1645 859 1989 959 Syllogen
2024 858 2459 931 variantium
2510 853 2925 928 lectionum

561 1018 608 1065 a
658 1017 734 1065 se
787 989 1340 1089 descriptarum,
1419 988 1687 1085 partim
1740 984 1832 1058 de
1906 979 2247 1081 exemplo
2310 979 2929 1077 Cuningamianae

561 1116 933 1207 editionis,
989 1117 1112 1188 cui
1183 1112 1529 1187 alleverat
1600 1108 1757 1183 illas
1811 1108 1895 1182 Β.
1952 1106 2247 1183 Cottius
2298 1131 2340 1179 e
2406 1103 2770 1203 Lipsiensi
2844 1116 2930 1177 et

560 1241 984 1315 Vinariensi
1047 1238 1469 1322 Codicibus‚
1527 1234 1729 1333 quod
1792 1230 2211 1331 exemplum
2264 1242 2375 1306 est
2436 1252 2663 1329 penes
2712 1230 2933 1325 Kap-

547 1367 756 1463 pium
805 1364 902 1439 V.
941 1364 1030 1439 C.
1084 1364 1349 1461 partim
1403 1384 1497 1433 ex
1552 1358 1694 1433 alio
1748 1358 2267 1431 Maittairianae
2302 1354 2664 1441 editionis,
2720 1354 2933 1453 quod

559 1494 717 1591 ipse
787 1489 1132 1590 possidet,
1189 1487 1314 1559 cui
1382 1484 1607 1556 docta
1654 1506 1913 1555 manus
1968 1479 2082 1555 IX
2140 1480 2503 1555 Codicum
2562 1478 2927 1555 lectiones

561 1616 1050 1691 commiserat.
1157 1610 1328 1683 Hac
1385 1606 1664 1707 sylloge
1714 1609 1820 1681 ita
1876 1631 2051 1681 usus
2106 1630 2289 1693 sum,
2332 1616 2418 1681 ut
2468 1603 2925 1703 simpliciter,

563 1766 731 1839 quae
800 1738 973 1812 inde
1043 1760 1180 1834 pro
1250 1734 1555 1808 consilio
1626 1718 1792 1807 meo
1864 1746 2264 1819 enotarem,
2332 1732 2668 1806 Saoeianoe
2716 1730 2931 1804 colla-

565 1866 739 1940 tioni
797 1865 1196 1939 tribuerem
1227 1890 1270 1952 3·
1308 1859 1604 1958 ‘quando
1656 1876 1844 1958 spes·
1872 1871 2001 1934 est·
2034 1858 2404 1945 futurum,
2452 1867 2555 1930 ut·
2600 1858 2759 1955 ipse
2810 1856 2931 1928 vir

563 1990 852 2075 doctus,
906 1988 970 2061 si
1038 1989 1224 2059 tanti
1289 1997 1536 2083 putet,
1590 2009 1751 2059 eam
1804 1983 2134 2083 syllogen
2186 1984 2551 2079 integram
2602 1981 2931 2055 Horatio

564 2115 958 2214 impertiat.

667 2240 842 2313 Fuit
861 2262 1092 2339 penes
1120 2252 1236 2311 ‘me
1261 2237 1621 2313 beneficio
1641 2237 1777 2313 viri
1803 2234 2137 2334 praeclari
2158 2256 2551 2309 anmuor
2566 2256 2931 2308 cnmsro.

569 2388 1003 2449 schqu,
1059 2366 1186 2461 qui
1245 2378 1352 2436 ut·
1395 2365 1471 2436 in
1527 2363 1683 2441 aliis
1734 2364 1952 2437 rebus
2015 2362 2227 2434 bonis
2290 2362 2393 2435 ita
2460 2360 2537 2433 in
2586 2359 2937 2435 amicitiis

569 2501 864 2588 quoque
901 2485 1226 2559 colendis
1260 2500 1565 2583 paterna
1613 2492 1882 2588 premit
1913 2488 2249 2585 vestigia,
2284 2485 2706 2586 exemplum
2740 2484 2937 2559 Tor-

569 2612 922 2687 rentianae
969 2610 1336 2703 editionis,
1388 2612 1517 2684 cui
1577 2613 1983 2685 commissa·
2012 2623 2169 2686 erat
2220 2609 2515 2687 collatio
2574 2609 2743 2684 libri
2801 2634 2941 2683 an-

567 2738 776 2837 tiqui,
839 2748 1086 2835 quem·
1109 2733 1228 2811 Jo.'
1269 2737 1567 2809 Brodoei
1614 2734 1859 2821 fuisse,
1912 2748 2122 2835 pater
2174 2736 2640 2811 Schminkius
2689 2736 2727 2815 ὅ
2772 2772 2935 2841 μοι-

567 2864 847 2975 καςίτης
920 2872 1423 2971 adscripscrat.
1529 2874 1677 2949 Sed
1747 2872 2006 2972 quidni
2081 2887 2309 2949 totam
2384 2874 2578 2949 illius
2627 2874 2941 2949 adnota-

559 3002 846 3077 tionem
895 3000 1378 3098 apponimus:
1437 3000 1532 3090 A,
1594 3024 2039 3077 cmmccxn.
2094 3006 2321 3075 mense
2352 3004 2551 3077 Julio
2610 3001 2941 3094 Trajecti

565 3125 668 3199 a'd
734 3126 1056 3198 Rhenum
1120 3126 1385 3198 contuli
1473 3126 1688 3200 libros
1759 3128 1894 3200 IV
1966 3128 2375 3214 carminum,
2448 3128 2781 3223 Epodom
2860 3140 2951 3201 et

567 3274 852 3323 carmen
917 3252 1230 3323 seculare
1304 3276 1462 3323 cum
1536 3254 1771 3325 codice
1840 3276 2251 3348 papyraceo
2330 3276 2423 3324 ex
2492 3254 2941 3327 Bibliotheca

573 3380 642 3452 A
649 3380 1002 3475 mplissimi
1058 3380 1144 3451 K
1143 3376 1309 3451 o'olit'
1359 3380 1723 3450 Senator-is
1774 3378 2389 3471 Amerfficrtiensis
2438 3402 2607 3449 cum·
2638 3380 2939 3451 viveret.-

571 3504 726 3576 Hic
756 3508 978 3577 codex·
1025 3503 1301 3575 minime
1349 3504 1883 3575 contemnendus
1930 3504 2270 3597 spectavit
2312 3504 2475 3575 olim
2508 3514 2677 3576 teste
2708 3504 2945 3600 {psius

569 3628 781 3701 mame
847 3632 946 3700 ad
1003 3630 1409 3701 Brodoeum.
1516 3630 1617 3699 In
1652 3629 1820 3721 fine
1886 3629 2143 3700 codicis
2214 3628 2359 3699 hoec
2428 3630 2785 3724 adscripta
2838 3631 2941 3701 le-

563 3762 886 3849 guntur.-
944 3753 1036 3824 A.
1097 3758 1313 3833 1392.
1371 3752 1483 3825 die
1545 3756 1660 3824 18.
1716 3753 1964 3825 mensis
2000 3754 2212 3825 Febr.
2256 3754 2585 3848 complete
2614 3754 2949 3847 fuerunt

571 3878 726 3953 Ode
777 3878 1014 3953 Oratii
1050 3902 1193 3975 per
1227 3878 1321 3949 A.
1358 3878 1454 3949 A.
1511 3882 1891 3950 morantem
1926 3880 2187 3975 Papiae
2235 3881 2417 3953 Izora
2470 3880 2700 3955 XIX.
2762 3882 2939 3976 pul-

565 4016 784 4078 sante.
893 4002 1082 4077 Sunt
1131 4004 1209 4073 in
1259 4000 1382 4073 his·
1421 3998 1863 4076 lectionibus
1896 4003 2403 4079 memorabiles
2440 4004 2802 4103 quaedam‘,
2842 4018 2939 4079 ut

567 4126 754 4199 illud
804 4136 875 4201 Ξ.
918 4136 1035 4201 14«.
1076 4134 1191 4199 10.
1245 4127 1603 4223 cujusque,
1662 4139 1739 4201 et
1787 4135 1859 4200 2.
1894 4136 2017 4201 ΞΟ.
2080 4137 2195 4215 17.
2252 4131 2543 4217 ΟοῖσΙιίε,
2600 4143 2677 4203 et
2726 4134 2796 4203 3.
2852 4140 2937 4203 5.

563 4246 696 4321 54.
750 4254 1152 4349 reliquerat,
1207 4265 1284 4325 et
1319 4250 1557 4350 Epod.
1598 4258 1666 4327 2.
1714 4251 1837 4333 69.
1890 4256 2189 4349 redegit,
2243 4255 2325 4327 it.
2382 4254 2621 4354 Epod.
2670 4266 2747 4328 5.
2800 4262 2933 4329 54.

575 4375 864 4449 Arcum.
2746 4390 2755 4399 ·

671 4498 768 4572 V.
827 4495 1300 4575 Illustrissimi
1371 4503 1535 4577 Viri
1596 4502 1680 4576 F.
1737 4502 1821 4576 C.
1878 4527 1973 4577 AB
2030 4528 2546 4579 HARDENBERG
2619 4504 2939 4579 liberali-
