3059 5184
849 278 912 345 J,
957 278 1058 345 M.
1101 278 1510 347 GESNERI
1558 281 2073 351 PRAEFATIO.
2540 290 2623 355 vii

239 464 574 537 tionum
623 464 1276 561 interpretamenta
1323 462 1691 555 habemus,
1728 468 1907 543 mire
1952 468 2127 543 inde
2158 468 2621 569 adjuvaretur

233 586 802 683 jucundissimi
831 593 1110 687 ,poiitze
1135 586 1639 687 intelligentia.
1740 591 1885 667 Sed
1916 590 2311 669 dolendum
2344 606 2477 681 est,
2516 598 2619 671 ita

243 735 302 785 a
335 714 888 809 posterioribus
917 714 1236 812 priorum
1280 709 1566 787 labores
1596 738 1749 789 esse
1784 728 2181 815 corruptos,
2218 728 2617 809 truncatos,

249 836 788 935 interpolatos,
827 838 944 913 uti
989 860 1186 911 nunc
1219 860 1402 934 opus
1435 836 1532 911 sit
1578 837 1869 913 homine
1902 840 2183 915 subacti
2216 840 2447 917 multo
2480 868 2617 917 usu

254 971 346 1033 et
427 959 668 1059 longa
713 960 1244 1037 consuetudine
1275 960 1569 1059 judicii,
1624 963 1749 1061 qui
1800 964 2063 1039 veteris
2118 989 2461 1065 purpurae
2518 966 2617 1041 la-

257 1082 536 1171 cinias,
591 1084 960 1159 interdum
1011 1086 1138 1159 vix
1187 1084 1569 1171 filamenta,
1624 1108 1877 1161 eruere
1928 1112 2021 1161 ex
2085 1090 2239 1167 istis
2290 1090 2615 1165 centoni-

257 1207 438 1293 bus,
495 1218 582 1281 et
628 1208 802 1282 inde
849 1206 1090 1283 lucem
1139 1232 1342 1281 suam
1395 1206 1569 1281 dare
1622 1206 1931 1283 Horatio
1978 1216 2227 1309 possit.
2330 1214 2403 1289 Si
2458 1218 2618 1312 quis

259 1330 446 1405 talis
481 1332 948 1406 nanciscatur
975 1334 1196 1405 etiam
1228 1331 1887 1429 antiquissimorum
1926 1332 2443 1433 exemplarium
2494 1362 2626 1413 co·

269 1454 508 1551 piam,
561 1466 642 1529 et
691 1454 1032 1529 adhibeat
1081 1453 1175 1527 ad
1223 1478 1382 1527 eam
1417 1478 1572 1529 rem
1620 1456 2043 1553 patientiam
2076 1460 2247 1533 satis
2294 1458 2611 1557 longam,

259 1576 402 1651 ille
437 1576 634 1656 forte
665 1577 840 1657 hinc
870 1578 1044 1655 inde
1070 1576 1310 1653 adhuc
1337 1576 1528 1651 ultra
1550 1577 1947 1655 Baxterum
1982 1578 2249 1657 Flacco
2270 1580 2612 1679 prodesse

261 1713 534 1799 ‚queat-

379 1826 675 1923 Nempe
707 1824 804 1899 ad
835 1825 978 1901 hoc
1011 1850 1208 1901 nunc
1234 1824 1674 1901 veniendum
1696 1838 1829 1901 est.
1884 1826 2385 1905 Wunmnuus
2419 1830 2611 1907 Rix-

265 1970 523 2031 :oenus
548 1958 612 2038 ⁸,
666 1951 778 2025 vir
807 1950 1096 2039 doctuS,
1135 1948 1486 2025 Richardi
1519 1950 1780 2027 nobilis
1815 1950 2173 2052 Theologi
2222 1952 2443 2033 fratre
2482 1983 2611 2055 ge·

269 2076 504 2161 nitu&
561 2074 934 2181 ἂψιμαθῆς
983 2084 1106 2159 ille
1137 2084 1458 2184 quidem,
1493 2085 1625 2161 sed
1674 2088 1851 2163 item
1901 2066 2147 2163 tamen
2192 2080 2611 2187 πολυμαθί-

265 2234 555 2292 σωτος,
581 2201 708 2299 qui
737 2202 818 2275 in
852 2199 1080 2275 literis
1103 2202 1524 2300 antiquariis
1550 2202 2065 2279 Britannorum
2100 2226 2417 2291 suorum,
2454 2214 2611 2283 tum

277 2327 714 2402 Graecorum
749 2326 1420 2425 Romanorumque,
1459 2336 1537 2399 et
1582 2326 2036 2399 institutione
2086 2348 2501 2427 puerorum,
2538 2340 2615 2406 et

269 2476 362 2527 re
393 2454 622 2538 tenui,
659 2452 1064 2538 consenuit,
1101 2465 1356 2527 auctor
1391 2450 1741 2527 Glossarii
1768 2450 2283 2549 Antiquitatum
2318 2454 2611 2527 Britan·

271 2579 620 2661 nicarum,
671 2574 878 2649 dedit
934 2574 1252 2651 Londini
1301 2598 1652 2663 cromccr,
1691 2580 1855 2649 8vo.
1910 2574 1999 2657 Q.
2038 2576 2339 2649 Horatii
2371 2576 2614 2651 Flacci

283 2700 631 2792 Edogas,
667 2722 830 2771 cum
879 2697 1164 2773 scholiis
1207 2700 1563 2797 proecipue
1618 2699 2062 2794 antiquorum
2112 2700 2611 2775 Grammatico·

277 2846 474 2906 rma,
501 2822 792 2895 Helenii
823 2821 1156 2908 Acronis,
1187 2821 1713 2919 Pomponiique
1748 2818 2283 2921 Porphyrionis,
2314 2846 2609 2923 quorum

281 2944 614 3041 mliqndas
629 2944 857 3039 findi-5
904 2946 1553 3043 interpolationibus
1584 2955 1941 3043 purgatas
1982 2969 2066 3017 ac
2086 2946 2263 3039 fere
2294 2946 2609 3042 integras

276 3092 622 3163 reponere
651 3090 730 3141 se
761 3068 1090 3166 putabat.
1177 3068 1444 3143 Utrum
1479 3091 1611 3145 suo
1644 3066 1865 3141 solius
1896 3068 2191 3165 ingenio
2224 3079 2301 3142 et
2318 3044 2607 3167 judicio

271 3193 358 3267 in
393 3214 697 3265 censura
723 3189 854 3264 illa
885 3190 1324 3291 delectuque
1347 3202 1673 3270 versatus
1706 3192 1823 3277 sit,
1844 3214 1940 3269 an
1973 3190 2373 3289 adjumenti
2400 3192 2605 3291 quid-

284 3340 498 3414 quam
529 3338 628 3388 ex
657 3316 974 3413 antiquis
1007 3314 1212 3389 libris
1239 3314 1595 3403 habuerit,
1633 3338 2012 3417 nusquam,
2048 3324 2257 3411 pute,
2295 3314 2600 3396 indicat:

273 3441 412 3517 sed
443 3439 620 3515 dum
653 3438 750 3513 de
797 3438 1152 3537 praesidiis
1185 3439 1502 3513 externis
1537 3447 1755 3524 tacet,
1790 3436 2087 3525 fatetur,
2126 3436 2368 3529 crede,
2404 3436 2605 3547 nulla

275 3590 360 3641 se
390 3563 753 3641 habuisse.
1241 3646 1254 3655 ‚

379 3686 722 3763 Ceterum
771 3686 950 3762 mihi
997 3708 1144 3763 non
1196 3696 1308 3761 est
1341 3685 1669 3775 dubium,
1709 3685 1881 3785 quin
1934 3683 2361 3787 plerumque
2402 3696 2601 3763 certe

291 3815 468 3889 bene
490 3810 844 3908 judicarit
876 3811 993 3884 vir
1047 3811 1424 3885 reconditae
1453 3810 1891 3896 eruditionis,
1930 3820 2015 3883 ut
2046 3808 2253 3887 illum
2286 3804 2605 3913 appellat

291 3960 568 4011 severus
625 3958 882 4008 censor
929 3932 1304 4007 Bentleius
1362 3934 1456 4007 ad
1512 3932 1753 4009 Carm-
1794 3940 1861 4007 1.
1899 3938 1969 4005 3.
2008 3940 2183 4025 204
2238 3930 2364 4027 qui
2422 3932 2605 4034 docti

363 4230 544 4304 ¹*Qui
569 4230 642 4290 de
667 4230 777 4289 viri
803 4230 924 4294 vita
950 4240 1008 4289 et
1033 4228 1194 4289 libris
1220 4228 1388 4290 oditis
1413 4228 1753 4309 ineditisque
1778 4227 1963 4288 doceri
1990 4224 2207 4297 volunt,
2224 4226 2377 4292 adire
2394 4226 2600 4289 debent

301 4334 629 4413 Biognphiae
651 4332 1000 4393 Britannicae
1025 4343 1244 4391 tomum
1267 4332 1534 4411 primum
2556 4376 2575 4413 ,
