<?xml version="1.0" encoding="UTF-8"?>
<!DOCTYPE html PUBLIC "-//W3C//DTD XHTML 1.0 Transitional//EN"
    "http://www.w3.org/TR/xhtml1/DTD/xhtml1-transitional.dtd">
<html xmlns="http://www.w3.org/1999/xhtml" xml:lang="en" lang="en">
 <head>
  <title>
</title>
<meta http-equiv="Content-Type" content="text/html;charset=utf-8" />
  <meta name='ocr-system' content='tesseract 3.04.00' />
  <meta name='ocr-capabilities' content='ocr_page ocr_carea ocr_par ocr_line ocrx_word'/>
</head>
<body>
  <div class='ocr_page' id='page_1' title='image "./qhoratiiflaccie00verbgoog_0012.png"; bbox 0 0 3059 5184; ppageno 0'>
   <div class='ocr_carea' id='block_1_1' title="bbox 617 458 2438 530">
    <p class='ocr_par' dir='ltr' id='par_1_1' title="bbox 617 458 2438 530">
     <span class='ocr_line' id='line_1_1' title="bbox 617 458 2438 530; baseline -0.003 -1"><span class='ocrx_word' id='word_1_1' title='bbox 617 466 678 529; x_wconf 79' lang='lat' dir='ltr'><strong>iv</strong></span> <span class='ocrx_word' id='word_1_2' title='bbox 1125 462 1252 530; x_wconf 88' lang='lat' dir='ltr'><strong>JO.</strong></span> <span class='ocrx_word' id='word_1_3' title='bbox 1299 461 1502 528; x_wconf 81' lang='lat' dir='ltr'><strong>CAR.</strong></span> <span class='ocrx_word' id='word_1_4' title='bbox 1552 460 1871 527; x_wconf 88' lang='lat' dir='ltr'>ZEUNII</span> <span class='ocrx_word' id='word_1_5' title='bbox 1919 458 2438 525; x_wconf 82' lang='lat' dir='ltr'>PRAEFA&#39;TIO.</span> 
     </span>
    </p>
   </div>
   <div class='ocr_carea' id='block_1_2' title="bbox 617 642 2951 991">
    <p class='ocr_par' dir='ltr' id='par_1_2' title="bbox 617 642 2951 991">
     <span class='ocr_line' id='line_1_2' title="bbox 617 642 2951 749; baseline -0.002 -26"><span class='ocrx_word' id='word_1_6' title='bbox 617 647 751 723; x_wconf 83' lang='lat' dir='ltr'><strong>sui.</strong></span> <span class='ocrx_word' id='word_1_7' title='bbox 853 646 995 723; x_wconf 90' lang='lat' dir='ltr'><strong>Pro</strong></span> <span class='ocrx_word' id='word_1_8' title='bbox 1043 647 1286 727; x_wconf 84' lang='lat' dir='ltr'><strong>indice</strong></span> <span class='ocrx_word' id='word_1_9' title='bbox 1335 648 1588 749; x_wconf 88' lang='lat' dir='ltr'><strong>prioris</strong></span> <span class='ocrx_word' id='word_1_10' title='bbox 1636 644 1972 723; x_wconf 83' lang='lat' dir='ltr'>editionis</span> <span class='ocrx_word' id='word_1_11' title='bbox 2005 642 2215 719; x_wconf 88' lang='lat' dir='ltr'><strong>valde</strong></span> <span class='ocrx_word' id='word_1_12' title='bbox 2252 642 2513 743; x_wconf 83' lang='lat' dir='ltr'><strong>jejuno</strong></span> <span class='ocrx_word' id='word_1_13' title='bbox 2562 652 2639 717; x_wconf 86' lang='lat' dir='ltr'><strong>et</strong></span> <span class='ocrx_word' id='word_1_14' title='bbox 2670 642 2951 743; x_wconf 87' lang='lat' dir='ltr'><strong>imper-</strong></span> 
     </span>
     <span class='ocr_line' id='line_1_3' title="bbox 617 766 2944 870; baseline -0.003 -24"><span class='ocrx_word' id='word_1_15' title='bbox 617 769 840 861; x_wconf 84' lang='lat' dir='ltr'><strong>fecto,</strong></span> <span class='ocrx_word' id='word_1_16' title='bbox 889 773 1014 870; x_wconf 90' lang='lat' dir='ltr'><strong>qui</strong></span> <span class='ocrx_word' id='word_1_17' title='bbox 1061 796 1198 846; x_wconf 87' lang='lat' dir='ltr'><strong>nec</strong></span> <span class='ocrx_word' id='word_1_18' title='bbox 1233 772 1524 845; x_wconf 85' lang='lat' dir='ltr'><strong>nomina</strong></span> <span class='ocrx_word' id='word_1_19' title='bbox 1572 794 1710 843; x_wconf 90' lang='lat' dir='ltr'><strong>nec</strong></span> <span class='ocrx_word' id='word_1_20' title='bbox 1761 766 2231 841; x_wconf 83' lang='lat' dir='ltr'><strong>Latinitatem</strong></span> <span class='ocrx_word' id='word_1_21' title='bbox 2282 768 2451 840; x_wconf 88' lang='lat' dir='ltr'><strong>satis</strong></span> <span class='ocrx_word' id='word_1_22' title='bbox 2510 766 2944 853; x_wconf 82' lang='lat' dir='ltr'><strong>exhibebat,</strong></span> 
     </span>
     <span class='ocr_line' id='line_1_4' title="bbox 620 891 2949 991; baseline -0.002 -20"><span class='ocrx_word' id='word_1_23' title='bbox 620 893 903 971; x_wconf 84' lang='lat' dir='ltr'><strong>confeci</strong></span> <span class='ocrx_word' id='word_1_24' title='bbox 949 894 1265 969; x_wconf 85' lang='lat' dir='ltr'><strong>indicem</strong></span> <span class='ocrx_word' id='word_1_25' title='bbox 1299 894 1698 969; x_wconf 86' lang='lat' dir='ltr'><strong>Nominum</strong></span> <span class='ocrx_word' id='word_1_26' title='bbox 1732 918 1901 971; x_wconf 89' lang='lat' dir='ltr'><strong>cum</strong></span> <span class='ocrx_word' id='word_1_27' title='bbox 1934 892 2138 967; x_wconf 90' lang='lat' dir='ltr'><strong>brevi</strong></span> <span class='ocrx_word' id='word_1_28' title='bbox 2192 891 2697 991; x_wconf 83' lang='lat' dir='ltr'><strong>explicatione,</strong></span> <span class='ocrx_word' id='word_1_29' title='bbox 2746 916 2949 991; x_wconf 78' lang='lat' dir='ltr'><strong>prae-</strong></span> 
     </span>
    </p>
   </div>
   <div class='ocr_carea' id='block_1_3' title="bbox 484 999 2947 1114">
    <p class='ocr_par' dir='ltr' id='par_1_3' title="bbox 484 999 2947 1114">
     <span class='ocr_line' id='line_1_5' title="bbox 484 999 2947 1114; baseline -0.001 -21"><span class='ocrx_word' id='word_1_30' title='bbox 484 1098 492 1107; x_wconf 69' lang='grc'><strong>,</strong></span> <span class='ocrx_word' id='word_1_31' title='bbox 619 1022 862 1093; x_wconf 86' lang='lat' dir='ltr'><strong>sertim</strong></span> <span class='ocrx_word' id='word_1_32' title='bbox 896 1044 1064 1094; x_wconf 88' lang='lat' dir='ltr'><strong>cum</strong></span> <span class='ocrx_word' id='word_1_33' title='bbox 1097 1020 1172 1092; x_wconf 90' lang='lat' dir='ltr'><strong>in</strong></span> <span class='ocrx_word' id='word_1_34' title='bbox 1209 999 1396 1093; x_wconf 76' lang='lat' dir='ltr'><strong>notis</strong></span> <span class='ocrx_word' id='word_1_35' title='bbox 1427 1017 1601 1091; x_wconf 90' lang='lat' dir='ltr'><strong>huic</strong></span> <span class='ocrx_word' id='word_1_36' title='bbox 1632 1019 1737 1091; x_wconf 90' lang='lat' dir='ltr'><strong>rei</strong></span> <span class='ocrx_word' id='word_1_37' title='bbox 1772 1040 1918 1089; x_wconf 89' lang='lat' dir='ltr'><strong>non</strong></span> <span class='ocrx_word' id='word_1_38' title='bbox 1952 1017 2223 1114; x_wconf 90' lang='lat' dir='ltr'><strong>ubique</strong></span> <span class='ocrx_word' id='word_1_39' title='bbox 2274 1014 2717 1089; x_wconf 87' lang='lat' dir='ltr'><strong>satisfactum</strong></span> <span class='ocrx_word' id='word_1_40' title='bbox 2770 1040 2947 1091; x_wconf 82' lang='lat' dir='ltr'><strong>esse</strong></span> 
     </span>
    </p>
   </div>
   <div class='ocr_carea' id='block_1_4' title="bbox 609 1140 2947 2215">
    <p class='ocr_par' dir='ltr' id='par_1_4' title="bbox 609 1140 2947 2215">
     <span class='ocr_line' id='line_1_6' title="bbox 617 1140 2943 1238; baseline -0.001 -22"><span class='ocrx_word' id='word_1_41' title='bbox 617 1141 1003 1216; x_wconf 84' lang='lat' dir='ltr'><strong>videretur.</strong></span> <span class='ocrx_word' id='word_1_42' title='bbox 1105 1140 1424 1215; x_wconf 90' lang='lat' dir='ltr'><strong>Omnino</strong></span> <span class='ocrx_word' id='word_1_43' title='bbox 1474 1152 1718 1215; x_wconf 85' lang='lat' dir='ltr'><strong>autem</strong></span> <span class='ocrx_word' id='word_1_44' title='bbox 1770 1140 1911 1228; x_wconf 90' lang='lat' dir='ltr'><strong>hic,</strong></span> <span class='ocrx_word' id='word_1_45' title='bbox 1970 1140 2289 1238; x_wconf 82' lang='lat' dir='ltr'><strong>inprimis</strong></span> <span class='ocrx_word' id='word_1_46' title='bbox 2347 1140 2424 1211; x_wconf 93' lang='lat' dir='ltr'><strong>in</strong></span> <span class='ocrx_word' id='word_1_47' title='bbox 2458 1162 2943 1237; x_wconf 85' lang='lat' dir='ltr'><strong>personarum</strong></span> 
     </span>
     <span class='ocr_line' id='line_1_7' title="bbox 611 1262 2947 1363; baseline -0 -26"><span class='ocrx_word' id='word_1_48' title='bbox 611 1266 910 1352; x_wconf 90' lang='lat' dir='ltr'><strong>ratione,</strong></span> <span class='ocrx_word' id='word_1_49' title='bbox 950 1276 1300 1363; x_wconf 88' lang='lat' dir='ltr'><strong>quantum</strong></span> <span class='ocrx_word' id='word_1_50' title='bbox 1349 1265 1503 1339; x_wconf 86' lang='lat' dir='ltr'><strong>fieri</strong></span> <span class='ocrx_word' id='word_1_51' title='bbox 1553 1266 1813 1363; x_wconf 88' lang='lat' dir='ltr'><strong>potuit,</strong></span> <span class='ocrx_word' id='word_1_52' title='bbox 1866 1264 2034 1339; x_wconf 86' lang='lat' dir='ltr'><strong>Jani</strong></span> <span class='ocrx_word' id='word_1_53' title='bbox 2069 1262 2487 1348; x_wconf 85' lang='lat' dir='ltr'><strong>doctissimi,</strong></span> <span class='ocrx_word' id='word_1_54' title='bbox 2526 1264 2651 1359; x_wconf 91' lang='lat' dir='ltr'><strong>qui</strong></span> <span class='ocrx_word' id='word_1_55' title='bbox 2690 1262 2947 1336; x_wconf 86' lang='lat' dir='ltr'><strong>Hora-</strong></span> 
     </span>
     <span class='ocr_line' id='line_1_8' title="bbox 612 1384 2941 1485; baseline 0 -24"><span class='ocrx_word' id='word_1_56' title='bbox 612 1388 697 1461; x_wconf 88' lang='lat' dir='ltr'><strong>tii</strong></span> <span class='ocrx_word' id='word_1_57' title='bbox 732 1388 1068 1463; x_wconf 87' lang='lat' dir='ltr'><strong>Carmina</strong></span> <span class='ocrx_word' id='word_1_58' title='bbox 1100 1386 1627 1482; x_wconf 83' lang='lat' dir='ltr'><strong>elegantissime</strong></span> <span class='ocrx_word' id='word_1_59' title='bbox 1657 1386 1909 1470; x_wconf 87' lang='lat' dir='ltr'><strong>edidit,</strong></span> <span class='ocrx_word' id='word_1_60' title='bbox 1945 1398 2021 1459; x_wconf 88' lang='lat' dir='ltr'><strong>et</strong></span> <span class='ocrx_word' id='word_1_61' title='bbox 2042 1384 2427 1458; x_wconf 90' lang='lat' dir='ltr'><strong>Wielandii</strong></span> <span class='ocrx_word' id='word_1_62' title='bbox 2461 1387 2593 1459; x_wconf 88' lang='lat' dir='ltr'><strong>viri</strong></span> <span class='ocrx_word' id='word_1_63' title='bbox 2626 1388 2941 1485; x_wconf 85' lang='lat' dir='ltr'><strong>ingenio</strong></span> 
     </span>
     <span class='ocr_line' id='line_1_9' title="bbox 615 1506 2943 1606; baseline 0 -21"><span class='ocrx_word' id='word_1_64' title='bbox 615 1521 692 1585; x_wconf 87' lang='lat' dir='ltr'><strong>et</strong></span> <span class='ocrx_word' id='word_1_65' title='bbox 723 1510 1052 1583; x_wconf 89' lang='lat' dir='ltr'><strong>doctrina</strong></span> <span class='ocrx_word' id='word_1_66' title='bbox 1085 1506 1474 1595; x_wconf 85' lang='lat' dir='ltr'><strong>clarissimi,</strong></span> <span class='ocrx_word' id='word_1_67' title='bbox 1511 1508 1636 1606; x_wconf 91' lang='lat' dir='ltr'><strong>qui</strong></span> <span class='ocrx_word' id='word_1_68' title='bbox 1690 1508 2069 1581; x_wconf 88' lang='lat' dir='ltr'><strong>Sermones</strong></span> <span class='ocrx_word' id='word_1_69' title='bbox 2118 1519 2193 1580; x_wconf 93' lang='lat' dir='ltr'><strong>et</strong></span> <span class='ocrx_word' id='word_1_70' title='bbox 2244 1506 2622 1606; x_wconf 86' lang='lat' dir='ltr'><strong>Epistolas,</strong></span> <span class='ocrx_word' id='word_1_71' title='bbox 2658 1509 2943 1585; x_wconf 83' lang='lat' dir='ltr'><strong>additis</strong></span> 
     </span>
     <span class='ocr_line' id='line_1_10' title="bbox 611 1628 2933 1729; baseline 0.001 -24"><span class='ocrx_word' id='word_1_72' title='bbox 611 1631 1226 1705; x_wconf 86' lang='lat' dir='ltr'><strong>observationibus</strong></span> <span class='ocrx_word' id='word_1_73' title='bbox 1280 1629 1480 1705; x_wconf 88' lang='lat' dir='ltr'><strong>lectu</strong></span> <span class='ocrx_word' id='word_1_74' title='bbox 1541 1630 2000 1729; x_wconf 88' lang='lat' dir='ltr'><strong>dignissimis,</strong></span> <span class='ocrx_word' id='word_1_75' title='bbox 2072 1628 2509 1706; x_wconf 87' lang='lat' dir='ltr'><strong>Germanice</strong></span> <span class='ocrx_word' id='word_1_76' title='bbox 2574 1631 2933 1721; x_wconf 88' lang='lat' dir='ltr'><strong>reddidit,</strong></span> 
     </span>
     <span class='ocr_line' id='line_1_11' title="bbox 613 1753 2941 1854; baseline 0.002 -27"><span class='ocrx_word' id='word_1_77' title='bbox 613 1776 832 1851; x_wconf 88' lang='lat' dir='ltr'><strong>opera</strong></span> <span class='ocrx_word' id='word_1_78' title='bbox 863 1778 980 1828; x_wconf 89' lang='lat' dir='ltr'><strong>me</strong></span> <span class='ocrx_word' id='word_1_79' title='bbox 1013 1778 1224 1829; x_wconf 86' lang='lat' dir='ltr'><strong>usum</strong></span> <span class='ocrx_word' id='word_1_80' title='bbox 1259 1780 1413 1831; x_wconf 85' lang='lat' dir='ltr'><strong>esse</strong></span> <span class='ocrx_word' id='word_1_81' title='bbox 1460 1766 1711 1853; x_wconf 86' lang='lat' dir='ltr'><strong>gratus</strong></span> <span class='ocrx_word' id='word_1_82' title='bbox 1748 1753 2111 1854; x_wconf 81' lang='lat' dir='ltr'><strong>profiteor.</strong></span> <span class='ocrx_word' id='word_1_83' title='bbox 2212 1755 2459 1842; x_wconf 86' lang='lat' dir='ltr'><strong>Quare</strong></span> <span class='ocrx_word' id='word_1_84' title='bbox 2508 1756 2569 1829; x_wconf 86' lang='lat' dir='ltr'><strong>si</strong></span> <span class='ocrx_word' id='word_1_85' title='bbox 2616 1756 2799 1854; x_wconf 91' lang='lat' dir='ltr'><strong>quid</strong></span> <span class='ocrx_word' id='word_1_86' title='bbox 2846 1759 2941 1832; x_wconf 84' lang='lat' dir='ltr'><strong>in</strong></span> 
     </span>
     <span class='ocr_line' id='line_1_12' title="bbox 611 1876 2943 1979; baseline 0.002 -29"><span class='ocrx_word' id='word_1_87' title='bbox 611 1876 752 1951; x_wconf 90' lang='lat' dir='ltr'><strong>hac</strong></span> <span class='ocrx_word' id='word_1_88' title='bbox 783 1876 1099 1953; x_wconf 87' lang='lat' dir='ltr'><strong>editione</strong></span> <span class='ocrx_word' id='word_1_89' title='bbox 1147 1904 1193 1955; x_wconf 86' lang='lat' dir='ltr'><strong>a</strong></span> <span class='ocrx_word' id='word_1_90' title='bbox 1224 1903 1340 1953; x_wconf 89' lang='lat' dir='ltr'><strong>me</strong></span> <span class='ocrx_word' id='word_1_91' title='bbox 1383 1880 1785 1979; x_wconf 87' lang='lat' dir='ltr'><strong>praestitum</strong></span> <span class='ocrx_word' id='word_1_92' title='bbox 1818 1878 2064 1967; x_wconf 84' lang='lat' dir='ltr'><strong>fuerit,</strong></span> <span class='ocrx_word' id='word_1_93' title='bbox 2099 1879 2296 1977; x_wconf 91' lang='lat' dir='ltr'><strong>quod</strong></span> <span class='ocrx_word' id='word_1_94' title='bbox 2316 1880 2695 1978; x_wconf 89' lang='lat' dir='ltr'><strong>juventuti</strong></span> <span class='ocrx_word' id='word_1_95' title='bbox 2718 1879 2943 1955; x_wconf 85' lang='lat' dir='ltr'><strong>scho-</strong></span> 
     </span>
     <span class='ocr_line' id='line_1_13' title="bbox 609 1999 2939 2104; baseline 0.002 -29"><span class='ocrx_word' id='word_1_96' title='bbox 609 1999 882 2077; x_wconf 79' lang='lat' dir='ltr'><strong>lasticae</strong></span> <span class='ocrx_word' id='word_1_97' title='bbox 914 2002 1010 2075; x_wconf 90' lang='lat' dir='ltr'><strong>ad</strong></span> <span class='ocrx_word' id='word_1_98' title='bbox 1041 2001 1320 2077; x_wconf 84' lang='lat' dir='ltr'><strong>facilius</strong></span> <span class='ocrx_word' id='word_1_99' title='bbox 1353 2014 1430 2077; x_wconf 85' lang='lat' dir='ltr'><strong>et</strong></span> <span class='ocrx_word' id='word_1_100' title='bbox 1463 2005 1729 2079; x_wconf 88' lang='lat' dir='ltr'><strong>rectius</strong></span> <span class='ocrx_word' id='word_1_101' title='bbox 1758 2002 2147 2078; x_wconf 88' lang='lat' dir='ltr'><strong>Horatium</strong></span> <span class='ocrx_word' id='word_1_102' title='bbox 2182 2002 2733 2103; x_wconf 85' lang='lat' dir='ltr'><strong>intelligendum</strong></span> <span class='ocrx_word' id='word_1_103' title='bbox 2760 2028 2939 2104; x_wconf 86' lang='lat' dir='ltr'><strong>pro-</strong></span> 
     </span>
     <span class='ocr_line' id='line_1_14' title="bbox 614 2124 1588 2215; baseline 0.001 -16"><span class='ocrx_word' id='word_1_104' title='bbox 614 2124 729 2215; x_wconf 80' lang='lat' dir='ltr'><strong>sit,</strong></span> <span class='ocrx_word' id='word_1_105' title='bbox 767 2124 1236 2201; x_wconf 89' lang='lat' dir='ltr'><strong>vehementer</strong></span> <span class='ocrx_word' id='word_1_106' title='bbox 1267 2125 1588 2203; x_wconf 84' lang='lat' dir='ltr'><strong>laetabor.</strong></span> 
     </span>
    </p>
   </div>
   <div class='ocr_carea' id='block_1_5' title="bbox 1143 2480 2393 2552">
    <p class='ocr_par' dir='ltr' id='par_1_5' title="bbox 1143 2480 2393 2552">
     <span class='ocr_line' id='line_1_15' title="bbox 1143 2480 2393 2552; baseline 0.006 -9"><span class='ocrx_word' id='word_1_107' title='bbox 1143 2480 1736 2549; x_wconf 88' lang='lat' dir='ltr'>BIBLIOPOLAE</span> <span class='ocrx_word' id='word_1_108' title='bbox 1780 2482 2393 2552; x_wconf 87' lang='lat' dir='ltr'><strong>LECTORIBUS.</strong></span> 
     </span>
    </p>
   </div>
   <div class='ocr_carea' id='block_1_6' title="bbox 606 2656 3022 3386">
    <p class='ocr_par' dir='ltr' id='par_1_6' title="bbox 606 2656 3022 3386">
     <span class='ocr_line' id='line_1_16' title="bbox 697 2656 2933 2756; baseline 0.007 -36"><span class='ocrx_word' id='word_1_109' title='bbox 697 2658 828 2723; x_wconf 89' lang='lat' dir='ltr'><strong>Pro</strong></span> <span class='ocrx_word' id='word_1_110' title='bbox 853 2656 1056 2724; x_wconf 82' lang='lat' dir='ltr'><strong>indice</strong></span> <span class='ocrx_word' id='word_1_111' title='bbox 1081 2682 1122 2723; x_wconf 86' lang='lat' dir='ltr'><strong>a</strong></span> <span class='ocrx_word' id='word_1_112' title='bbox 1149 2659 1416 2727; x_wconf 73' lang='lat' dir='ltr'><strong>qumo</strong></span> <span class='ocrx_word' id='word_1_113' title='bbox 1457 2686 1649 2749; x_wconf 86' lang='lat' dir='ltr'><strong>supra</strong></span> <span class='ocrx_word' id='word_1_114' title='bbox 1672 2680 2035 2745; x_wconf 82' lang='lat' dir='ltr'><strong>memorato,</strong></span> <span class='ocrx_word' id='word_1_115' title='bbox 2070 2669 2355 2754; x_wconf 79' lang='lat' dir='ltr'><strong>gratiam,</strong></span> <span class='ocrx_word' id='word_1_116' title='bbox 2384 2668 2553 2755; x_wconf 88' lang='lat' dir='ltr'><strong>quod</strong></span> <span class='ocrx_word' id='word_1_117' title='bbox 2580 2692 2933 2756; x_wconf 68' lang='lat' dir='ltr'><strong>speramus,</strong></span> 
     </span>
     <span class='ocr_line' id='line_1_17' title="bbox 609 2764 2937 2861; baseline 0.007 -32"><span class='ocrx_word' id='word_1_118' title='bbox 609 2765 786 2831; x_wconf 83' lang='lat' dir='ltr'><strong>vobis</strong></span> <span class='ocrx_word' id='word_1_119' title='bbox 813 2764 1051 2845; x_wconf 81' lang='lat' dir='ltr'><strong>facturi,</strong></span> <span class='ocrx_word' id='word_1_120' title='bbox 1080 2768 1502 2837; x_wconf 85' lang='lat' dir='ltr'><strong>substituimus</strong></span> <span class='ocrx_word' id='word_1_121' title='bbox 1544 2772 1731 2861; x_wconf 82' lang='lat' dir='ltr'><strong>longe</strong></span> <span class='ocrx_word' id='word_1_122' title='bbox 1758 2774 2221 2861; x_wconf 87' lang='lat' dir='ltr'><strong>locupletiorem</strong></span> <span class='ocrx_word' id='word_1_123' title='bbox 2256 2790 2321 2841; x_wconf 86' lang='lat' dir='ltr'><strong>et</strong></span> <span class='ocrx_word' id='word_1_124' title='bbox 2360 2778 2686 2857; x_wconf 84' lang='lat' dir='ltr'><strong>utiliorem,</strong></span> <span class='ocrx_word' id='word_1_125' title='bbox 2716 2780 2937 2845; x_wconf 88' lang='lat' dir='ltr'><strong>studio</strong></span> 
     </span>
     <span class='ocr_line' id='line_1_18' title="bbox 607 2874 2934 2971; baseline 0.008 -35"><span class='ocrx_word' id='word_1_126' title='bbox 607 2874 782 2958; x_wconf 83' lang='lat' dir='ltr'><strong>prius</strong></span> <span class='ocrx_word' id='word_1_127' title='bbox 825 2889 890 2941; x_wconf 87' lang='lat' dir='ltr'><strong>et</strong></span> <span class='ocrx_word' id='word_1_128' title='bbox 933 2876 1145 2941; x_wconf 86' lang='lat' dir='ltr'><strong>labore</strong></span> <span class='ocrx_word' id='word_1_129' title='bbox 1196 2878 1500 2945; x_wconf 70' lang='lat' dir='ltr'><strong>Tar-:Tam</strong></span> <span class='ocrx_word' id='word_1_130' title='bbox 1544 2881 1891 2961; x_wconf 89' lang='lat' dir='ltr'><strong>collectum,</strong></span> <span class='ocrx_word' id='word_1_131' title='bbox 1935 2906 2119 2971; x_wconf 88' lang='lat' dir='ltr'><strong>quem</strong></span> <span class='ocrx_word' id='word_1_132' title='bbox 2168 2884 2421 2949; x_wconf 85' lang='lat' dir='ltr'><strong>editioni</strong></span> <span class='ocrx_word' id='word_1_133' title='bbox 2468 2900 2683 2971; x_wconf 78' lang='lat' dir='ltr'><strong>postea</strong></span> <span class='ocrx_word' id='word_1_134' title='bbox 2740 2890 2934 2955; x_wconf 68' lang='lat' dir='ltr'><strong>Bm-</strong></span> 
     </span>
     <span class='ocr_line' id='line_1_19' title="bbox 608 2988 3022 3084; baseline 0.009 -40"><span class='ocrx_word' id='word_1_135' title='bbox 608 3002 909 3047; x_wconf 64' lang='grc' dir='ltr'><strong>τιειᾼωιε</strong></span> <span class='ocrx_word' id='word_1_136' title='bbox 965 2988 1466 3055; x_wconf 66' lang='grc' dir='ltr'><strong>ΑΜετει.ευΑΜι</strong></span> <span class='ocrx_word' id='word_1_137' title='bbox 1521 2992 1789 3078; x_wconf 72' lang='lat' dir='ltr'><strong>vulgatae</strong></span> <span class='ocrx_word' id='word_1_138' title='bbox 1840 2993 2114 3057; x_wconf 58' lang='lat' dir='ltr'><strong>isaacus</strong></span> <span class='ocrx_word' id='word_1_139' title='bbox 2172 2992 2610 3061; x_wconf 67' lang='lat' dir='ltr'><strong>Vnmzuaoms</strong></span> <span class='ocrx_word' id='word_1_140' title='bbox 2666 2998 2934 3084; x_wconf 80' lang='lat' dir='ltr'><strong>adapta-</strong></span> <span class='ocrx_word' id='word_1_141' title='bbox 3020 3072 3022 3083; x_wconf 39' lang='lat'>&lt;</span> 
     </span>
     <span class='ocr_line' id='line_1_20' title="bbox 609 3091 3020 3192; baseline 0.01 -44"><span class='ocrx_word' id='word_1_142' title='bbox 609 3091 736 3163; x_wconf 80' lang='lat' dir='ltr'><strong>vit3</strong></span> <span class='ocrx_word' id='word_1_143' title='bbox 790 3114 972 3177; x_wconf 87' lang='lat' dir='ltr'><strong>quem</strong></span> <span class='ocrx_word' id='word_1_144' title='bbox 1017 3094 1223 3158; x_wconf 85' lang='lat' dir='ltr'><strong>denuo</strong></span> <span class='ocrx_word' id='word_1_145' title='bbox 1266 3098 1432 3162; x_wconf 84' lang='lat' dir='ltr'><strong>mille</strong></span> <span class='ocrx_word' id='word_1_146' title='bbox 1483 3100 1632 3163; x_wconf 87' lang='lat' dir='ltr'><strong>locis</strong></span> <span class='ocrx_word' id='word_1_147' title='bbox 1679 3115 1925 3164; x_wconf 85' lang='lat' dir='ltr'><strong>auctum</strong></span> <span class='ocrx_word' id='word_1_148' title='bbox 1982 3115 2165 3186; x_wconf 87' lang='lat' dir='ltr'><strong>atque</strong></span> <span class='ocrx_word' id='word_1_149' title='bbox 2214 3103 2607 3167; x_wconf 85' lang='lat' dir='ltr'><strong>emendatum</strong></span> <span class='ocrx_word' id='word_1_150' title='bbox 2662 3106 2935 3192; x_wconf 87' lang='lat' dir='ltr'><strong>subjecit</strong></span> <span class='ocrx_word' id='word_1_151' title='bbox 3016 3134 3020 3192; x_wconf 54' lang='lat' dir='ltr'><em>j</em></span> 
     </span>
     <span class='ocr_line' id='line_1_21' title="bbox 606 3196 3016 3296; baseline 0.01 -37"><span class='ocrx_word' id='word_1_152' title='bbox 606 3196 858 3259; x_wconf 84' lang='lat' dir='ltr'><strong>editioni</strong></span> <span class='ocrx_word' id='word_1_153' title='bbox 889 3223 1017 3263; x_wconf 85' lang='lat' dir='ltr'><strong>suae</strong></span> <span class='ocrx_word' id='word_1_154' title='bbox 1051 3202 1462 3271; x_wconf 73' lang='lat' dir='ltr'><strong>Londinensis</strong></span> <span class='ocrx_word' id='word_1_155' title='bbox 1489 3208 1691 3273; x_wconf 86' lang='lat' dir='ltr'><strong>editor</strong></span> <span class='ocrx_word' id='word_1_156' title='bbox 1734 3230 1993 3294; x_wconf 87' lang='lat' dir='ltr'><strong>operum</strong></span> <span class='ocrx_word' id='word_1_157' title='bbox 2025 3206 2329 3278; x_wconf 67' lang='lat' dir='ltr'><strong>Hou‘rn</strong></span> <span class='ocrx_word' id='word_1_158' title='bbox 2358 3234 2501 3278; x_wconf 87' lang='lat' dir='ltr'><strong>cum</strong></span> <span class='ocrx_word' id='word_1_159' title='bbox 2528 3214 2691 3281; x_wconf 80' lang='lat' dir='ltr'><strong>notis</strong></span> <span class='ocrx_word' id='word_1_160' title='bbox 2717 3218 2931 3283; x_wconf 68' lang='grc' dir='ltr'><strong>ναι-ἰο-</strong></span> <span class='ocrx_word' id='word_1_161' title='bbox 3012 3228 3016 3296; x_wconf 87' lang='grc'><strong>,“</strong></span> 
     </span>
     <span class='ocr_line' id='line_1_22' title="bbox 607 3296 2221 3386; baseline 0.013 -21"><span class='ocrx_word' id='word_1_162' title='bbox 607 3324 748 3367; x_wconf 83' lang='lat' dir='ltr'><strong>rum</strong></span> <span class='ocrx_word' id='word_1_163' title='bbox 779 3305 841 3369; x_wconf 87' lang='lat' dir='ltr'><strong>in</strong></span> <span class='ocrx_word' id='word_1_164' title='bbox 870 3306 1114 3374; x_wconf 83' lang='lat' dir='ltr'><strong>duobus</strong></span> <span class='ocrx_word' id='word_1_165' title='bbox 1129 3296 1323 3380; x_wconf 78' lang='lat' dir='ltr'><strong>&#39;tomis</strong></span> <span class='ocrx_word' id='word_1_166' title='bbox 1345 3314 1410 3380; x_wconf 90' lang='lat' dir='ltr'><strong>in</strong></span> <span class='ocrx_word' id='word_1_167' title='bbox 1439 3324 1547 3382; x_wconf 80' lang='lat' dir='ltr'><strong>4to</strong></span> <span class='ocrx_word' id='word_1_168' title='bbox 1574 3317 1721 3383; x_wconf 84' lang='lat' dir='ltr'><strong>anni</strong></span> <span class='ocrx_word' id='word_1_169' title='bbox 1749 3336 2087 3385; x_wconf 74' lang='lat' dir='ltr'><strong>unccxcn.</strong></span> <span class='ocrx_word' id='word_1_170' title='bbox 2116 3338 2221 3386; x_wconf 80' lang='grc' dir='ltr'><strong><em>ιιι.</em></strong></span> 
     </span>
    </p>
   </div>
   <div class='ocr_carea' id='block_1_7' title="bbox 669 3510 1260 3638">
    <p class='ocr_par' dir='ltr' id='par_1_7' title="bbox 669 3510 1260 3638">
     <span class='ocr_line' id='line_1_23' title="bbox 743 3510 1198 3573; baseline 0.007 -12"><span class='ocrx_word' id='word_1_171' title='bbox 743 3510 974 3562; x_wconf 68' lang='lat' dir='ltr'><strong>Dua-mm</strong></span> <span class='ocrx_word' id='word_1_172' title='bbox 993 3514 1198 3573; x_wconf 61' lang='lat' dir='ltr'><strong>londini.</strong></span> 
     </span>
     <span class='ocr_line' id='line_1_24' title="bbox 669 3576 1260 3638; baseline 0.01 -9"><span class='ocrx_word' id='word_1_173' title='bbox 669 3576 834 3630; x_wconf 71' lang='lat' dir='ltr'><strong>Mense</strong></span> <span class='ocrx_word' id='word_1_174' title='bbox 855 3577 1020 3638; x_wconf 67' lang='lat' dir='ltr'><strong>Mutii,</strong></span> <span class='ocrx_word' id='word_1_175' title='bbox 1037 3576 1260 3634; x_wconf 52' lang='lat' dir='ltr'><strong>noemi.</strong></span> 
     </span>
    </p>
   </div>
  </div>
 </body>
</html>
