3059 5184
513 436 667 506 xviii
749 434 884 505 DE
925 432 1551 503 TEMPORIBUS
1594 428 1777 501 Lm.
1822 430 1951 499 ET
1994 430 2282 501 POEM.
2330 432 2779 502 HORATII·

520 625 712 703 rudis
757 622 1146 724 proditum
1197 618 1332 697 sed
1379 628 1511 697 aut
1558 616 1655 693 ad
1704 616 1971 694 Dianoe
2020 629 2149 695 aut
2182 616 2553 717 Apollinis
2598 616 2903 697 festum

515 759 829 851 spectat,
884 772 1198 849 quorum
1249 746 1433 823 illud
1484 768 1737 821 mense
1772 745 2145 842 Augusto,
2176 742 2319 819 hoc
2372 744 2422 821 J
2424 742 2575 819 ulio
2628 746 2899 845 singu-

513 876 608 951 lis
657 876 866 951 annis
914 873 1446 950 celebrabatur.
1550 868 1839 945 Eodem
1896 871 2219 968 pertinet
2252 868 2529 945 Catulli
2576 894 2895 947 carmen

519 1000 850 1076 XXXV.
917 1001 1184 1075 Diana·
1231 1020 1468 1073 sumus
1517 998 1594 1071 in
1612 999 1781 1093 fide
1803 1026 1834 1087 ‚·
1888 994 2091 1094 quod
2141 994 2507 1073 Saeculare
2556 996 2785 1071 etiam
2836 1022 2895 1071 a

513 1126 688 1201 viris
722 1124 959 1201 doctis
991 1125 1304 1223 pessime
1335 1122 1809 1214 inscribitur;
1862 1144 2037 1195 cum
2072 1120 2256 1195 nihil
2302 1121 2409 1196 ibi
2454 1118 2549 1195 de
2582 1120 2887 1197 Saeculo

511 1250 890 1338 habeatur,
917 1251 1126 1347 isque
1151 1248 1282 1321 diu
1307 1246 1502 1321 diem
1538 1245 1802 1321 obierit
1832 1255 2005 1321 ante
2036 1244 2254 1320 ludos
2281 1242 2609 1343 Augusti
2630 1245 2887 1322 Secu·

509 1374 724 1451 lares.
778 1374 976 1449 Tum
1011 1382 1088 1447 et
1125 1372 1229 1445 ΙΙ.
1271 1380 1388 1457 17.
1453 1370 1585 1443 Ad
1620 1369 2117 1445 Maecenatem
2148 1382 2535 1467 aegrotum,
2572 1372 2883 1445 immani

511 1500 1106 1603 parachronismo
1139 1494 1237 1569 ad
1298 1494 1595 1567 Horatii
1645 1516 1921 1567 annum
1954 1492 2125 1569 LV.
2160 1494 2357 1569 ultra
2404 1492 2571 1569 libri
2630 1498 2877 1595 quarti

508 1638 845 1727 tempora
873 1622 1272 1721 ablegant3
1327 1616 1551 1717 idque
1600 1616 1749 1693 levi
1799 1627 1877 1693 et
1906 1616 2107 1693 futili
2154 1634 2613 1718 argumento,
2664 1621 2875 1719 quod

513 1775 608 1826 eo
675 1773 872 1823 anno
939 1747 1294 1823 continua
1357 1742 1719 1817 insomnia
1784 1742 2039 1819 vexari
2116 1746 2427 1843 coeperit
2496 1744 2875 1821 Maecenas

509 1875 829 1949 triennio
861 1883 1034 1949 ante
1067 1871 1264 1947 diem
1297 1866 1647 1961 fatalem3
1700 1870 1908 1967 quasi
1940 1892 2117 1944 vero
2148 1893 2301 1943 non
2332 1870 2499 1969 plus
2532 1869 2755 1945 semel
2788 1873 2871 1945 in

509 2010 666 2074 tam
713 1996 938 2097 longa
969 1998 1122 2072 vita
1151 1994 1642 2095 aegrotaverit,
1689 2018 1911 2093 quem
1946 1992 2226 2069 Plinius
2260 1996 2491 2095 major
2522 1994 2706 2071 VII.
2740 2004 2870 2071 51.

497 2134 858 2221 perpetua
877 2123 1100 2218 fibre
1127 2120 1222 2195 ab
1274 2118 1771 2193 adolescentia
1816 2117 2183 2195 laborasse
2234 2118 2563 2195 tradidit.
2666 2120 2875 2197 Illud

507 2270 686 2325 vero
730 2249 814 2323 in
863 2247 1215 2323 Sermone
1248 2243 1391 2319 VI.
1441 2242 1611 2319 libri
1642 2250 1717 2317 2.
1824 2244 2021 2327 Quid
2040 2252 2077 2321 ε’
2128 2245 2465 2321 militibus
2514 2247 2876 2341 promissa

515 2374 908 2471 imqaetra
941 2373 1242 2449 Proedia
1297 2370 1561 2456 Coesar,
1620 2392 1719 2443 an
1768 2380 1880 2443 est
1928 2368 2129 2444 Itala
2186 2372 2441 2445 tellure
2506 2374 2811 2446 daturus
2829 2382 2867 2449 ἒ

507 2520 688 2584 non,
741 2502 827 2570 ut
857 2493 1148 2583 volunt,
1185 2494 1278 2569 ad
1331 2513 1660 2594 pugnam
1699 2491 2090 2569 Actiacam
2141 2516 2563 2595 annumque
2614 2495 2869 2573 Flacci

513 2618 842 2695 XXXV.
893 2616 1360 2693 referendum
1394 2630 1575 2706 erat,
1614 2642 1753 2693 nec
1782 2618 1877 2695 ad
1924 2618 2464 2721 Philippensem
2496 2644 2869 2700 annumve

511 2742 807 2819 XXIV.
843 2744 1117 2843 quippe
1151 2742 1246 2819 de
1280 2764 1624 2841 agrorum
1659 2742 2015 2821 divisione
2046 2745 2171 2821 hic
2203 2750 2469 2847 agitur,
2496 2772 2665 2846 quae
2692 2762 2869 2847 post

511 2867 838 2943 Siculam
888 2867 982 2942 de
1029 2868 1380 2968 Pompeio
1413 2867 1795 2943 victoriam
1841 2880 1921 2945 et
1968 2869 2236 2971 Lepidi
2286 2870 2733 2947 deditionem
2780 2874 2865 2947 iu

507 2992 918 3091 Campania
965 2992 1286 3093 alibique
1332 2992 1532 3069 facta
1582 3004 1714 3082 est,
1753 3018 1949 3069 anno
2000 2994 2249 3071 Flacci
2288 2994 2583 3071 XXXI.
2620 3007 2705 3071 ut
2752 2997 2869 3071 di-

507 3118 722 3191 sertis
753 3118 994 3193 verbis
1045 3130 1292 3195 narrat
1335 3120 1488 3195 Dio
1536 3142 1711 3221 pag.
1746 3118 1921 3195 456.
1958 3126 2131 3208 457.
2237 3119 2667 3197 Plutarchus
2698 3121 2871 3197 An·

509 3244 717 3317 honio
765 3267 936 3342 pag.
973 3252 1146 3327 941.
1202 3244 1630 3321 Paterculus
1667 3243 1772 3317 11.
1812 3248 1933 3319 81.
1980 3254 2059 3319 et
2088 3244 2477 3345 Appianas
2524 3270 2599 3343 p.
2640 3248 2869 3334 1176.
2980 3270 2982 3274 ’

509 3364 688 3441 Alia
719 3370 966 3447 omnia
995 3371 1154 3468 pari
1185 3369 1537 3451 felicitate
1568 3368 1873 3445 refutari
1906 3382 2248 3469 possent3
2304 3372 2437 3449 secl
2466 3370 2579 3447 his
2612 3370 2869 3451 fruere
2976 3352 2980 3468 s

511 3502 602 3569 et:
619 3491 802 3565 vale.
965 3560 970 3565 .
1542 3492 1549 3500 “
