3059 5184
1694 400 1839 475 588

584 627 840 717 postea
895 614 1158 716 polivit
1221 614 1499 689 Daniel
1546 615 1862 687 Aveman
1916 610 2564 711 Brunopolitanus.
2668 616 2945 704 Quum
3034 622 3039 715 ξ

587 742 780 815 enim
815 740 1187 828 Treterus,
1222 751 1310 813 ut
1343 739 1470 838 qui
1502 738 1887 836 scripserat
1919 736 2075 823 sibi,
2114 760 2264 809 non
2298 736 2457 810 aliis
2504 762 2685 813 usus
2740 756 2942 816 esset

582 864 923 950 numeris,
962 886 1182 962 quam
1230 864 1659 961 paginarum
1712 863 1826 935 sui
1874 858 2329 959 exemplaris,
2366 886 2767 959 aggressus
2820 876 2935 937 eet
3036 892 3039 937 A

583 988 900 1065 Aveman
949 988 1245 1061 maximi
1293 986 1587 1074 laboris,
1646 984 1777 1059 sed
1833 983 2123 1083 majoris
2176 984 2384 1060 taedii
2422 1009 2633 1085 opus,
2688 987 2930 1061 revol-
3037 982 3038 1029 ³

579 1110 823 1185 vendo
855 1135 1105 1185 omnes
1138 1134 1378 1200 voces,
1414 1134 1597 1209 quas
1630 1108 1982 1183 Treterus
2032 1110 2109 1183 in
2162 1108 2497 1182 Indicem
2538 1110 2917 1197 retulerat,
3037 1110 3038 1205 Q

581 1246 660 1310 et
691 1258 1030 1310 numeros
1062 1237 1490 1334 paginarum
1523 1231 1878 1308 mutando
1910 1234 1986 1305 in
2008 1254 2352 1306 numeros
2378 1231 2767 1321 librorum,
2792 1235 2917 1307 mi-

576 1382 836 1433 norum
871 1360 1408 1459 opusculorum,
1445 1380 1541 1433 ex
1574 1358 1841 1456 quibus
1874 1354 2039 1430 libri
2068 1366 2429 1445 constant,
2466 1368 2696 1456 atque
2732 1360 2909 1433 adeo

576 1483 898 1581 ipsorum
931 1508 1320 1575 versuum3
1371 1482 1596 1581 idque
1631 1492 1783 1556 tam
1816 1478 2155 1555 accurate
2190 1482 2558 1578 praestitit,
2600 1493 2693 1557 ut
2724 1508 2905 1581 saepe
3030 1484 3039 1505 ⁴

575 1602 886 1681 hominis
960 1608 1410 1706 diligentiam
1462 1607 1736 1680 fiierim
1810 1604 2225 1691 admiratus,
2316 1614 2395 1678 et
2458 1607 2911 1682 verissimum

575 1756 732 1805 esse
765 1732 1266 1830 compererim,
1303 1730 1504 1829 quod
1535 1732 1689 1829 ipse
1742 1728 2069 1817 affirmat,
2122 1751 2465 1803 numeros
2502 1754 2773 1805 vocum
2804 1733 2909 1804 in·
3037 1726 3038 1751 ¹

571 1854 772 1927 dices
805 1877 1179 1952 nunquam
1213 1852 1486 1940 fallere,
1516 1854 1578 1927 si
1610 1856 1987 1953 exceperis
2024 1852 2265 1927 Odam
2306 1852 2451 1927 XI.
2472 1866 2555 1927 et
2577 1854 2807 1929 XIII.
2832 1858 2907 1929 in
3037 1868 3038 1873 ’

571 1976 757 2052 libro
791 1974 1129 2075 Epodon,
1160 2002 1326 2075 quae
1357 1977 1677 2052 eundem
1696 2001 2040 2053 versuum
2064 2000 2449 2052 numerum
2474 1981 2556 2051 in
2576 1982 2909 2055 omnibus

571 2099 1010 2175 editionibus
1063 2124 1212 2173 non
1265 2098 1541 2175 habent
1587 2126 1723 2201 pro
1774 2102 2059 2178 diversa
2104 2101 2385 2176 ratione
2436 2102 2907 2177 dimensionis

571 2247 822 2299 earum
876 2223 1229 2299 Odarum.
1336 2223 1729 2323 Egregiam
1780 2224 1998 2324 plane
2050 2247 2345 2325 operam
2399 2250 2445 2299 a
2491 2226 2905 2301 Clarissimo
3037 2234 3038 2245 ’

569 2348 753 2424 Viro
791 2346 1362 2425 RICHARDO
1396 2348 1934 2424 BENTLEIO
1982 2350 2061 2423 in
2107 2350 2541 2423 illustrando
2594 2350 2903 2426 Horatio

568 2474 898 2571 positam,
925 2496 1153 2571 quum
1175 2472 1462 2548 Fratres
1493 2474 1880 2548 Wetsteinii
1902 2471 2146 2547 denuo
2166 2473 2358 2571 typis
2380 2473 2899 2561 describerent,

567 2596 802 2669 visum
835 2593 980 2669 fuit
1009 2598 1230 2670 etiam
1264 2596 1422 2671 fore
1455 2621 1498 2671 e
1554 2596 1675 2671 Re
1718 2596 2057 2685 literaria,
2094 2598 2154 2670 si
2193 2596 2612 2672 Avemanni
2671 2598 2901 2674 Index

565 2720 1194 2821 praestantissimus
1227 2720 1532 2795 editioni
1564 2722 2201 2819 praestantissimae,
2226 2731 2578 2820 tanquam
2600 2722 2897 2797 corolla-

563 2846 754 2921 rium
801 2844 994 2919 ultra
1047 2854 1345 2944 pactum
1399 2844 1756 2934 additum,
1818 2844 2318 2944 subjiceretur,
2374 2846 2649 2921 additis
2686 2848 2897 2923 etiam

564 2967 874 3044 Illustris
907 2970 1071 3045 Viri
1103 2967 1580 3043 Lectionibus
1602 2970 1839 3057 variis,
1864 2979 1951 3044 ut
1976 2979 2053 3042 et
2075 2968 2425 3066 praeclara
2447 2970 2614 3045 Viri
2643 2974 2895 3047 merita
3037 2966 3038 3001 ἶ

559 3116 652 3167 eo
685 3094 914 3192 magis
947 3090 1466 3180 elucescerent,
1503 3104 1581 3167 et
1616 3092 1739 3167 Tu
1764 3116 1911 3167 non
1944 3093 2173 3191 possis
2198 3095 2405 3191 queri
2428 3094 2655 3169 aliam
2676 3098 2757 3170 in
2785 3096 2893 3169 Iu-

561 3214 746 3305 dice,
783 3215 996 3291 aliam
1028 3218 1106 3290 in
1153 3218 1315 3316 ipso
1353 3216 1665 3291 Horatio
1699 3212 2131 3291 Lectionem
2180 3218 2537 3294 exhiberi.
2647 3222 2885 3320 Hujus

555 3340 662 3415 rei
697 3364 946 3415 curam
972 3365 1062 3416 eo
1095 3342 1382 3440 suscepi
1409 3340 1805 3430 lubentiuS,
1842 3366 1989 3440 quo
2019 3342 2195 3415 mihi
2228 3366 2519 3443 semper
2540 3354 2723 3419 ante
2742 3368 2873 3418 om-

550 3464 676 3536 nia
707 3461 993 3539 dulcius
1024 3466 1168 3541 fuit
1217 3468 1674 3541 occasionem
1706 3464 1886 3539 mihi
1920 3465 2076 3540 dari
2125 3466 2441 3542 navandi
2482 3492 2643 3542 non
2677 3467 2873 3543 inuti-

551 3582 697 3660 lem
729 3584 1029 3661 literatis
1063 3613 1382 3687 operam.
1438 3590 1833 3689 Postquam
1859 3600 2102 3665 autem
2128 3614 2385 3667 manus
2412 3595 2621 3690 operi
2642 3592 2879 3668 admo-

551 3734 820 3799 veram,
856 3710 1155 3785 videbar
1183 3712 1363 3786 mihi
1396 3737 1547 3788 non
1580 3713 1771 3789 male
1802 3718 2191 3790 meriturus
2226 3715 2321 3789 de
2352 3718 2513 3815 ipso
2542 3716 2885 3805 Horatio,

551 3836 612 3908 si
664 3845 930 3934 praeter
961 3834 1356 3911 Lectiones
1401 3838 1556 3911 Viri
1609 3838 2051 3927 Reverendi,
2106 3840 2327 3913 etiam
2376 3838 2733 3914 adderem
2772 3866 2886 3927 ea,

550 3982 716 4057 quae
749 3959 844 4033 ad
893 3958 1292 4035 dictionem
1330 3960 1809 4036 Horatianam
1843 3964 2140 4065 propius
2178 3962 2625 4038 noscendam
2678 3988 2891 4062 egre·
3036 4000 3038 4015 1

543 4080 666 4178 gie
699 4079 1133 4158 videbantur
1163 4081 1428 4171 facere,
1465 4084 1701 4158 multa
1730 4086 1957 4175 enim,
2008 4110 2103 4161 ex
2153 4086 2426 4163 Graeco
2472 4088 2891 4185 prasertim

543 4202 748 4278 fonte
796 4203 1075 4295 hausta,
1111 4230 1263 4281 non
1302 4207 1735 4307 legebantur
1781 4212 1861 4283 in
1914 4209 2193 4298 Indice,
2258 4236 2569 4311 quorum
2628 4224 2889 4289 tamen

543 4323 886 4423 splendor
917 4340 996 4405 et
1025 4330 1476 4430 majestatem
1511 4332 1719 4411 addit
1750 4334 1924 4410 huic
1960 4336 2276 4412 Auctori
2302 4348 2381 4413 et
2412 4336 2881 4437 dignitatem,
