3059 5184
1243 332 1388 409 589

141 544 460 623 quaeque
513 519 696 595 adeo
748 532 836 595 ut
887 532 1360 597 noscerentur
1417 523 1746 597 omnium
1802 524 2171 619 intererat,
2224 523 2353 622 qui
2384 522 2477 599 ab

145 658 306 721 arte
343 657 419 720 et
452 646 812 744 elegantia
845 646 1340 721 instructiores
1385 644 1729 721 volebant
1778 647 2013 723 redire
2064 646 2153 721 ab
2190 645 2481 721 Horatii

149 770 494 845 lectione.

257 892 568 969 Relecto
618 893 845 991 igitur
899 918 1068 968 cum
1119 894 1294 969 cura
1358 893 1695 981 Horatio,
1754 904 1971 993 atque
2014 896 2341 992 sepositis
2370 893 2480 982 iis,

150 1044 322 1117 quae
354 1020 520 1093 usui
551 1016 708 1092 fore
743 1018 1138 1117 sperabam,
1175 1018 1515 1093 videbam
1568 1017 1751 1092 adeo
1800 1018 2109 1093 crevisse
2159 1018 2489 1092 observa-

150 1144 391 1217 tiones
445 1166 662 1229 meas,
719 1152 805 1216 nt
850 1140 1038 1239 pene
1085 1140 1476 1240 abjecerim
1513 1141 1893 1217 consilium
1929 1140 2249 1216 addendi
2282 1140 2489 1241 quid-

156 1292 400 1365 quam,
457 1291 552 1341 ne
600 1266 877 1341 scilicet
935 1266 1174 1340 Index
1223 1267 1528 1340 nimium
1586 1276 1844 1341 auctus
1893 1266 2085 1339 mole
2130 1290 2261 1339 sua
2290 1264 2487 1339 labo-

95 1366 114 1381 ·
155 1402 374 1478 raret,
427 1390 557 1464 sed
587 1392 766 1465 vicit
817 1402 1063 1464 tamen
1117 1390 1390 1465 utilitas
1440 1390 1757 1488 publica,
1812 1414 1977 1487 quae
2025 1388 2225 1464 certe
2260 1387 2487 1488 major

157 1513 546 1588 videbatur
591 1513 748 1589 fore
796 1515 872 1587 in
921 1516 1032 1602 iis,
1078 1538 1244 1613 quae
1277 1513 1547 1589 addere
1580 1516 2122 1600 constitueram,
2160 1538 2378 1611 quam
2410 1514 2490 1586 in

163 1641 706 1714 enumeratione
743 1663 1004 1713 vocum
1041 1637 1308 1712 nullius
1341 1639 1420 1711 in
1456 1638 1713 1713 Indice
1746 1663 1940 1725 nsua,
1994 1639 2134 1711 nisi
2182 1640 2242 1711 si
2292 1636 2493 1711 adhi-

163 1763 476 1838 beantur
507 1789 676 1838 cum
711 1764 1069 1862 elegantia
1101 1761 1468 1861 singulari,
1508 1764 1757 1862 quales
1790 1774 1959 1837 sunt
1980 1787 2083 1849 ac,
2121 1774 2214 1851 et,
2248 1762 2331 1849 si,
2362 1784 2494 1859 que

167 1898 248 1963 et
269 1913 356 1962 ne
387 1887 770 1975 encliticae,
808 1899 884 1964 et
918 1912 1082 1986 quae
1102 1886 1261 1962 aliae
1285 1886 1615 1986 ejusdem
1636 1897 1809 1961 sunt
1838 1887 2145 1986 generis,
2185 1909 2491 1983 quarum

167 2014 556 2086 maximam
589 2023 870 2112 partem
895 2014 1224 2105 resecui3
1275 2024 1583 2110 partem,
1610 2023 1696 2086 ut
1722 2036 1967 2085 earum
1991 2034 2164 2085 usus
2182 2020 2488 2107 pateret,

167 2136 431 2209 retinui
462 2166 484 2226 3
539 2148 842 2235 partem,
883 2160 1049 2235 quae
1081 2159 1228 2208 non
1255 2134 1627 2231 vulgarem
1661 2156 1873 2208 usum
1899 2157 2051 2231 prae
2084 2157 2159 2205 se
2184 2131 2488 2220 ferebat,

169 2263 470 2335 retentis
503 2260 804 2360 subjeci.
878 2261 1068 2347 Quae
1091 2259 1492 2334 necessaria
1517 2260 1706 2332 scitu
1728 2268 1899 2333 sunt
1922 2254 2015 2329 de
2048 2255 2494 2328 dimensione

171 2387 388 2459 unius
419 2396 637 2485 atque
670 2362 962 2458 alterius
998 2382 1189 2459 odae
1223 2406 1316 2459 ex
1339 2392 1587 2458 mente
1612 2381 1949 2467 Bentleii,
1977 2380 2131 2478 ipse
2165 2401 2297 2453 suo
2328 2377 2495 2451 loco

170 2512 476 2597 monuit,
532 2520 618 2584 ut
671 2508 812 2583 hoc
861 2508 1028 2583 loco
1084 2519 1413 2608 repetere
1469 2506 1651 2581 nihil
1704 2506 2031 2580 attineat.
2158 2501 2382 2590 Quod
2433 2501 2495 2575 si

166 2630 382 2721 forte,
433 2644 520 2708 ut
567 2631 895 2707 homines
945 2656 1094 2707 non
1144 2658 1425 2733 semper
1475 2632 1731 2707 eadem
1764 2628 2027 2704 mentis
2062 2627 2217 2701 acie
2250 2626 2495 2699 omnia

175 2756 686 2853 dignoscimuS,
722 2758 991 2833 alicubi
1024 2782 1378 2845 erraver0,
1409 2755 1657 2830 Tuum
1684 2765 1795 2830 est
1818 2754 2193 2853 ignoscere
2217 2747 2497 2824 homini

173 2879 348 2956 huic
376 2882 469 2957 de
503 2880 768 2959 Literis
801 2882 989 2961 bene
1021 2882 1283 2959 mereri
1315 2882 1663 2981 cupienti.
1765 2876 1975 2953 Vale.
