3059 5184
798 1044 1168 1111 METRA
1243 1042 1889 1109 HORATIANA.

647 1376 782 1435 CH.
813 1376 1056 1435 WASE
1096 1374 1550 1435 AMBROSIO
1592 1371 2064 1433 BONWICKE

1265 1565 1330 1627 S.
1381 1564 1444 1627 S.

171 1942 468 2009 Amssos
497 1952 598 2005 tot
625 1940 838 2029 magni
864 1941 1030 2007 inter
1061 1943 1324 2007 Groeoos
1363 1942 1635 2007 nominis
1668 1942 1917 2027 Lyricae
1948 1942 2221 2008 Poeneos
2248 1952 2533 2011 auctore·

171 2076 328 2120 unus
369 2052 564 2118 nobis
615 2051 924 2118 Horatius
968 2052 1132 2131 facit,
1179 2065 1251 2118 ut
1288 2052 1489 2118 lenius
1527 2051 1975 2117 desideremus.
2066 2052 2313 2118 Placuit
2346 2052 2538 2139 igitur

169 2164 390 2229 seculis
442 2163 690 2252 ingenii
739 2162 908 2241 felix,
969 2164 1248 2229 numeris
1307 2164 1611 2229 curiosus·
1718 2162 2078 2227 Horatiana
2125 2172 2295 2227 certe
2342 2174 2544 2227 metra

171 2275 520 2343 Diomedes
551 2286 620 2339 et
649 2272 898 2339 Marius
929 2274 1310 2354 Victorinus,
1342 2286 1578 2361 praeter
1610 2273 1898 2339 Plocium
1926 2284 1991 2337 et
2019 2270 2285 2337 Atilium
2316 2271 2547 2338 Portu-

173 2387 518 2464 natianum,
575 2407 660 2449 ex
702 2384 988 2471 professo
1037 2386 1303 2471 posteris
1352 2384 1665 2471 explicata
1712 2382 2118 2472 reliquerunt.
2207 2382 2547 2469 Specimen

173 2496 525 2562 eorundem
567 2498 636 2559 in
679 2496 937 2561 brevem
979 2496 1272 2563 tabellam
1317 2497 1671 2583 conjectum
1714 2494 2059 2562 continenti
2102 2495 2379 2559 carmine
2420 2492 2546 2559 Pe-

177 2606 452 2685 tronium,
491 2608 767 2695 quisquis
797 2608 852 2672 is
879 2608 996 2672 fuit
1026 2614 1198 2694 (nam
1228 2606 1382 2673 alios
1411 2608 1691 2699 ejusdem
1722 2605 1994 2673 nominis
2022 2606 2146 2671 alia
2171 2617 2324 2671 aetaa
2352 2603 2545 2687 tulit),

179 2715 251 2779 in
277 2715 514 2801 vulgus
544 2716 744 2782 edidit.
831 2718 940 2783 Ad
967 2718 1136 2784 istud
1162 2718 1522 2805 exemplum
1552 2718 1855 2805 magistri,
1900 2738 2171 2805 quorum
2200 2714 2549 2802 disciplinae

183 2826 377 2913 origo
400 2826 554 2890 mihi
581 2838 784 2893 tecum
814 2830 1163 2893 eommunis
1191 2828 1327 2907 fuit,
1353 2841 1506 2916 quot
1534 2826 1895 2914 septimanis
1924 2838 2169 2893 mutato
2195 2826 2401 2905 titulo,
2430 2848 2551 2891 noa

185 2935 424 3001 tirones
461 2936 544 3001 ad
585 2937 986 3025 multijugam
1029 2937 1222 3025 Lyroe
1265 2938 1518 3004 Latinoe
1567 2936 2063 3005 modulationem
2114 2948 2549 3005 exercuerunt.

185 3046 282 3112 Ita
309 3046 496 3112 velim
523 3046 650 3113 hoc
676 3049 920 3113 nomini
952 3060 1061 3114 tuo
1089 3051 1461 3137 inscriptum
1495 3050 1785 3136 accipiaS,
1830 3050 1919 3113 ita
1944 3048 2197 3128 meatui,
2242 3070 2375 3115 non
2413 3058 2551 3114 tan-

183 3180 369 3243 quam
414 3157 676 3247 aliquod
717 3180 1022 3248 magnum
1066 3172 1471 3253 aut-novum,
1516 3160 1629 3227 sed
1670 3173 1745 3225 ut
1784 3158 2116 3247 indignum
2144 3158 2317 3247 quod
2346 3158 2413 3224 in
2440 3158 2553 3225 de-

180 3268 578 3335 suetudinem
623 3268 828 3348 abeat,
874 3291 1020 3335 cum
1069 3269 1136 3334 in
1181 3294 1250 3336 se
1297 3282 1543 3336 tantum
1591 3270 1821 3335 habeat
1870 3268 2246 3355 compendii,
2335 3268 2553 3335 Tuum

179 3378 298 3444 erit
335 3380 540 3446 vicem
577 3368 931 3465 Pasiphaes
967 3380 1362 3461 substituere,
1407 3382 1743 3466 Daphnen,
1786 3382 2197 3463 Phaethonta,
2246 3382 2555 3449 Cadmum

181 3488 512 3564 Quantum
540 3492 902 3579 argumenti
931 3492 1062 3556 veri
1089 3504 1202 3557 aut
1226 3491 1494 3558 fabulosi
1522 3490 1775 3571 eminet,
1822 3493 2148 3559 materiam
2190 3492 2553 3581 suppedita-

181 3595 276 3660 bit
288 3623 308 3674 3
351 3602 553 3665 moder
571 3625 662 3666 ne
687 3602 854 3667 desit
892 3600 1168 3669 afflatus:
1217 3604 1410 3671 Ultro
1445 3602 1649 3691 rapiet
1686 3602 1769 3667 ad
1797 3626 1864 3669 se
1892 3626 2263 3691 generosam
2290 3604 2555 3671 urbanoe

171 3707 520 3791 juventutis
555 3710 862 3793 indolem,
906 3714 975 3775 ni
1033 3712 1233 3795 fallor,
1277 3714 1502 3784 artifex
1562 3716 1829 3804 pagina3
1881 3738 2029 3807 quo·
2047 3716 2279 3783 rectius
2320 3712 2403 3780 ad
2432 3707 2555 3777 Di-

183 3815 586 3902 thyrambum
615 3809 1024 3891 contendant.
1119 3826 1287 3893 Vale.
