3059 5184
467 343 952 409 PRAESIDIA
999 342 1452 419 QUAEDAM
1497 344 1803 413 HUJUS
1848 348 2361 418 EDITIONIS.
2488 354 2601 419 xxi

201 543 386 607 tate
437 530 785 631 possideo
835 529 1258 629 exemplum
1305 531 1563 631 primoe
1600 558 1767 633 quae
1802 534 2043 611 adhuc
2087 539 2415 612 innotuit
2445 538 2594 614 edi-

207 658 480 745 tioniS,
535 657 768 730 cuivis
813 653 1001 729 libro
1045 654 1210 729 MS.
1247 654 1460 730 facile
1510 661 2105 759 comparandum,
2164 688 2328 761 quae
2363 662 2591 738 editio

207 806 406 857 cum
445 780 716 857 nullam
753 780 1075 866 editoris,
1105 778 1274 868 loci,
1305 786 1655 881 temporis
1690 809 2105 884 expressam
2142 790 2587 863 mentionem

207 908 522 993 habeat,
577 930 672 980 ne
705 905 1010 979 titulum
1045 904 1342 1005 quidem
1375 931 1432 979 s.
1469 908 1811 997 indicem,
1869 912 2293 1011 conjectura
2339 916 2587 988 nescio

207 1058 456 1131 quam
503 1028 858 1131 probabili
913 1030 1246 1104 Antonio
1288 1031 1557 1106 Zaroto
1592 1032 1985 1123 Parmensi,
2044 1048 2119 1111 et
2156 1036 2585 1113 Mediolano

211 1172 300 1230 et
350 1181 556 1229 anno
606 1157 898 1229 circiter
954 1162 1172 1242 1470.
1220 1181 1264 1228 a
1301 1154 1709 1230 Maittairio
1759 1158 2203 1259 adsignatur.
2310 1162 2585 1238 Literae

211 1293 408 1355 sunt
439 1280 602 1378 ejus
634 1278 919 1368 formae,
954 1304 1166 1378 quam
1192 1280 1241 1358 J
1243 1281 1590 1354 ensonius
1625 1282 1980 1371 adhibuit,
2011 1286 2141 1358 sed
2174 1287 2419 1384 paullo
2454 1291 2583 1363 mi·

203 1430 370 1479 nus
424 1404 646 1480 cultae
696 1417 772 1479 et
819 1405 1346 1503 incompositae,
1399 1417 1487 1478 ut
1525 1418 1895 1505 appareat,
1950 1433 2193 1507 neque
2244 1412 2579 1487 matrices

203 1528 452 1604 fixisse
497 1532 604 1604 ita
649 1528 1010 1629 perfectas
1043 1542 1132 1604 ut
1161 1529 1370 1604 fiiere
1403 1530 1893 1620 Jensonianae,
1948 1556 2193 1632 neque
2226 1534 2332 1608 ita
2364 1560 2579 1611 accu-

201 1666 458 1730 ratam
517 1678 861 1729 versuum
931 1654 1482 1753 dirigendorum
1550 1636 1933 1731 rationem.
2050 1656 2280 1733 Porro
2343 1657 2577 1736 literae

201 1780 454 1855 nullae
496 1779 829 1868 initialeS,
889 1804 1084 1879 saepe
1116 1778 1164 1853 s
1181 1778 1486 1878 longum
1519 1780 1597 1853 in
1632 1780 1777 1855 fine
1810 1784 2011 1857 vocis
2056 1786 2377 1883 positum
2426 1797 2570 1859 etc.

199 1904 596 1981 Volumen
641 1916 932 1979 constat
965 1905 1622 2003 quinternionibuS,
1674 1907 1726 1978 i.
1765 1930 1828 1979 e.
1883 1907 2208 2007 quinque
2256 1908 2572 2009 plagulis

197 2028 768 2132 (semiplagulas
793 2028 1134 2129 vulgares
1158 2030 1657 2129 aequantibus)
1684 2029 2095 2129 duplicatis,
2133 2045 2222 2107 ut
2245 2037 2573 2109 oriantur

195 2158 578 2232 denorum
608 2154 946 2231 foliorum
983 2154 1233 2243 libelli,
1269 2157 1376 2230 ita
1408 2158 1698 2231 consuti
1734 2155 2031 2244 deinde,
2075 2169 2162 2231 ut
2195 2159 2273 2229 in
2308 2157 2570 2234 mediae

191 2281 534 2383 plag-ulte
578 2281 787 2356 sulco
830 2280 1288 2379 adglutinata
1330 2282 1424 2354 sit
1457 2284 1703 2354 tenuis
1738 2282 1945 2378 virga
1989 2280 2565 2371 membranacea,

197 2432 388 2509 quae
433 2406 555 2481 fila
603 2408 1002 2493 contineat,
1056 2418 1136 2480 et
1173 2405 1594 2480 firmitatem
1642 2416 1941 2505 praestet
1992 2404 2255 2480 codici.
2362 2404 2568 2482 Folia

187 2534 373 2633 ipsa
424 2556 570 2605 non
619 2536 904 2631 signata
951 2555 1196 2632 neque
1243 2531 1474 2605 literis
1523 2554 1766 2629 neque
1817 2532 2161 2619 numeris,
2220 2533 2563 2609 custodes

184 2657 436 2743 nulli,
459 2656 741 2731 nullum
777 2658 1180 2755 registrum,
1209 2655 1444 2732 literae
1479 2682 1675 2757 saepe
1708 2658 2214 2755 transpositae3
2253 2656 2562 2732 infantia

191 2784 548 2880 denique
580 2782 767 2868 artis,
821 2792 894 2856 et
927 2806 1232 2882 operum
1266 2782 1567 2868 ruditas,
1618 2781 1945 2880 undique
1980 2792 2303 2882 apparet.
2409 2783 2562 2857 Vo-

191 2932 348 2984 ces
387 2906 500 2981 vel
530 2909 824 2995 omissae,
869 2905 988 2979 vel
1023 2932 1195 2981 cum
1228 2908 1454 3007 ipsius
1489 2908 1705 2981 metri
1737 2906 2061 3005 pernicie
2094 2917 2553 3005 permutatas,

181 3033 432 3109 fidem
481 3031 784 3119 faciunt,
840 3056 992 3105 non
1041 3030 1416 3132 praefuisse
1462 3033 1770 3106 editioni
1802 3030 2387 3107 Grammaticum
2428 3030 2560 3107 sed

183 3156 631 3258 simpliciter
675 3156 1096 3256 exemplum
1145 3182 1380 3245 suum,
1433 3158 1482 3229 i.
1526 3180 1750 3229 manu
1786 3158 2139 3256 scriptum
2176 3156 2554 3246 Codicem,

179 3295 498 3361 secutos
553 3308 712 3357 esse
760 3280 1282 3381 typographos.
1385 3280 1609 3356 Unde
1659 3280 1845 3356 illud
1896 3282 2389 3380 consequitur,
2444 3292 2551 3370 ut,

176 3434 370 3513 quae
414 3408 628 3483 bonae
662 3418 838 3481 sunt
873 3406 1249 3495 lectiones,
1307 3431 1428 3480 eas
1463 3408 1554 3479 ab
1589 3408 1891 3505 antiquo
1939 3408 2220 3493 codice,
2274 3430 2423 3481 non
2460 3408 2553 3481 ab

169 3536 500 3634 ingenio
545 3534 978 3607 correctoris
1024 3557 1201 3621 esse,
1260 3530 1779 3629 intelligamus.
1883 3530 2383 3606 Memorabilis
2430 3531 2555 3606 ad·

173 3661 502 3737 modum
552 3657 735 3732 mihi
779 3658 936 3733 visa
977 3670 1091 3731 est
1133 3657 1378 3745 lectio,
1432 3680 1653 3755 quam
1700 3654 1894 3731 solus
1942 3656 2063 3731 hic
2097 3656 2281 3736 liber
2328 3657 2552 3731 habet

169 3788 438 3887 Epist.
473 3794 548 3858 92.
589 3792 662 3858 2.
706 3791 874 3858 140.
908 3784 1212 3881 pretium
1245 3784 1516 3867 menti-5,
1550 3790 1636 3855 ut
1667 3782 1771 3856 ibi
1804 3781 2176 3857 admonui.
