3059 5184
535 405 640 468 xvi
835 406 976 471 'DE
1019 402 1632 473 TEMPORIBUS
1678 400 2178 467 LIBRORUM
2224 394 2629 463 HORATII

539 602 758 677 quem
790 578 956 655 vide
990 578 1244 677 Elegia
1293 578 1356 651 I.
1405 578 1572 652 libri
1612 577 1829 665 tertii,
1876 600 1944 647 v.
1998 584 2069 660 7.
2119 583 2195 645 et
2230 578 2346 658 17.
2398 571 2500 643 ita
2535 572 2867 663 Proper-

541 705 675 777 τίω
727 700 929 801 Eleg.
992 703 1053 777 I.
1115 704 1462 777 librorum
1521 702 1627 775 ΙΙ.
1692 699 1839 773 111.
1896 712 1973 771 et
2024 696 2165 770 IV.
2226 706 2312 769 ut
2363 705 2439 767 et
2482 692 2687 765 Libri
2738 691 2859 763 ΙΙ.

539 826 794 925 Elegia
835 828 933 901 X.
983 852 1058 901 V.
1097 836 1216 901 25.
1269 840 1345 901 et
1395 824 1614 899 XIX.
1668 848 1737 895 v.
1790 829 1909 903 89.
1961 823 2067 893 ita
2118 819 2455 913 Virgilius
2501 814 2864 889 Bucolica

543 952 766 1039 dedit,
803 952 913 1025 uti
945 961 1149 1050 patet
1179 974 1272 1023 ex
1306 948 1562 1022 ultimo
1597 946 1744 1033 illo,
1782 948 2197 1019 Extremum
2230 944 2430 1028 hunc,
2470 940 2861 1021 Arethm,

543 1077 709 1149 mihi
761 1080 1051 1149 concede
1115 1076 1413 1148 laborem
1441 1105 1464 1145 .-
1518 1074 1621 1145 ita
1685 1072 1891 1145 Naso
1952 1069 2307 1142 Amorum
2366 1076 2443 1138 et
2502 1063 2869 1136 Tristium

542 1212 620 1273 et
669 1198 1132 1272 Ponticorum
1185 1196 1426 1282 librae,
1463 1196 1620 1293 ipso
1670 1206 1898 1267 teste:
1952 1194 2053 1265 ita
2085 1192 2347 1265 Statius
2382 1186 2605 1261 Silvas
2640 1208 2807 1259 suas
2832 1210 2862 1255 t

543 1326 646 1395 ita
679 1324 1048 1397 Martialis
1099 1320 1659 1418 Epigrammata,
1713 1329 1797 1391 ut
1834 1312 2301 1390 Praefationes
2350 1334 2600 1385 eorum
2634 1306 2871 1381 fidem

539 1445 863 1519 faciunt:
917 1447 1018 1519 ita
1083 1444 1378 1517 Persius
1445 1442 1761 1531 Satiras;
1814 1440 2171 1513 Phoedrus
2217 1448 2293 1510 et
2346 1436 2655 1508 Avienus
2718 1432 2783 1503 F
2784 1456 2865 1504 a-

541 1568 796 1643 bulas:
871 1568 1244 1651 Ausonius,
1327 1565 1782 1649 Prudentius,
1870 1563 2217 1647 Sidonia&
2318 1562 2386 1633 V
2376 1559 2859 1653 enantiusque,

543 1716 673 1765 sua
705 1689 1092 1781 Carmina3
1146 1688 1344 1787 quod
1410 1712 1504 1760 ex
1570 1710 1821 1760 eorum
1889 1684 2214 1781 Prologis
2280 1682 2567 1756 abunde
2622 1691 2863 1779 patet.

547 1814 747 1901 Quid
781 1814 1042 1913 quaeris
1068 1821 1102 1884 P
1150 1812 1318 1910 Ipse
1354 1835 1644 1911 quoque
1682 1810 2032 1883 Horatius
2084 1805 2401 1882 Libellos
2436 1830 2600 1879 suos
2636 1804 2869 1903 junc-

543 1938 678 2011 tim
745 1937 976 2011 editos
1041 1918 1286 2035 aperte
1353 1935 1674 2025 indicat3
1728 1916 2041 2035 primum
2109 1933 2533 2007 Carminum
2588 1928 2865 2003 librum

541 2084 636 2134 ex
689 2060 1044 2159 Prolog03
1098 2058 1498 2135 secundum
1568 2061 2009 2158 tertiumque
2078 2083 2172 2132 ex
2218 2056 2593 2155 Epilogis;
2662 2052 2871 2151 Epo-

549 2183 677 2258 dos
760 2207 852 2258 ex
933 2182 1061 2257 illo
1141 2184 1354 2271 XIV,
1442 2186 1769 2281 Inceptos
1852 2186 2012 2257 olim
2080 2182 2500 2277 promissum
2580 2202 2869 2252 carmen

542 2310 825 2383 lambos
903 2313 1002 2382 ad
1077 2309 1462 2382 umbilicum
1543 2312 1887 2382 adducere
1912 2336 1940 2391 ‚·
2040 2306 2464 2380 Sermonum
2543 2304 2869 2402 priorem

543 2432 809 2505 librum
843 2454 936 2503 ex
967 2455 1180 2503 versu
1223 2432 1503 2520 ultimo,
1541 2435 1601 2506 I
1613 2456 1801 2529 puer
1832 2442 2038 2529 atque
2093 2454 2239 2503 meo
2288 2430 2465 2503 citus
2513 2430 2659 2501 haec
2704 2429 2871 2500 sub-

546 2554 768 2627 scribe
821 2575 1193 2640 mimum
1247 2557 1713 2650 posteriorem
1773 2580 1866 2629 ex
1923 2553 2282 2651 Prologo:
2336 2556 2652 2653 priorem
2688 2576 2869 2627 vero

547 2675 1030 2775 Epistolarum
1097 2686 1174 2749 et
1239 2700 1330 2749 ex
1399 2676 1711 2773 Prologo
1776 2690 1851 2751 et
1909 2703 2004 2752 ex
2061 2676 2393 2776 Epilogo.
2497 2678 2871 2765 Quartum

549 2824 724 2875 vero
775 2800 1194 2874 Carminum
1263 2812 1340 2873 et
1407 2798 1891 2897 Epistolarum
1960 2802 2359 2875 secundum
2426 2805 2631 2897 longo
2696 2814 2873 2899 post

549 2936 794 2999 cetera
846 2925 1206 2997 intervallo
1266 2925 1559 2997 emissos
1617 2946 1793 3009 esse,
1846 2921 2337 3021 plenissimum
2392 2936 2503 2999 est
2552 2926 2875 2999 Suetonii

547 3048 1061 3135 testimonium,
1101 3048 1298 3147 quod
1355 3048 1482 3146 qui
1540 3057 1669 3120 aut
1718 3045 2047 3121 refellere
2098 3060 2225 3122 aut
2270 3048 2565 3123 eludere
2600 3044 2873 3123 coxian-

547 3186 691 3260 tur.
751 3176 1040 3247 inanem
1105 3196 1396 3270 operam
1457 3172 1851 3246 insumunt.
1958 3172 2097 3245 His
2152 3171 2306 3271 jam
2374 3174 2670 3271 positis;
2719 3173 2877 3270 pri-

549 3320 750 3369 mum
821 3296 1109 3371 Horatii
1175 3320 1357 3395 opus
1423 3306 1663 3370 statuo
1730 3300 2133 3371 Sermonum
2214 3296 2478 3371 librum
2533 3298 2873 3394 primum,

550 3444 762 3517 quem
847 3422 1160 3494 triennio
1247 3418 1557 3519 perfecit
1652 3420 1841 3493 intra
1930 3444 2159 3494 annos
2252 3423 2484 3496 aetatis
2568 3419 2867 3496 XXVI.

549 3542 882 3617 XXVII.
957 3544 1332 3619 XXVIII.
1409 3557 1665 3642 postea
1746 3550 2117 3619 secundum
2188 3548 2499 3619 triennio
2582 3545 2867 3631 itidem,

549 3669 754 3741 annis
807 3668 1103 3743 XXXI.
1159 3667 1496 3743 XXXII.
1562 3667 1942 3743 XXXIII.
1997 3669 2262 3746 deinde
2320 3674 2615 3769 Epodos
2664 3669 2877 3742 bien-

547 3793 694 3880 nio,
733 3790 1100 3867 XXXIV.
1139 3804 1214 3866 et
1245 3792 1572 3866 XXXV.
1609 3806 1765 3866 tum
1818 3796 2213 3869 Car-minum
2259 3795 2517 3869 librum
2558 3796 2879 3892 primum

547 3918 880 4003 trienni0,
977 3914 1348 3991 XXXVI.
1425 3915 1838 3991 XXXVII.
1912 3918 2365 3994 XXXVIII.
2480 3922 2879 3995 Secundum

549 4042 866 4129 biennio,
939 4038 1102 4114 XL.
1172 4038 1381 4113 XLI.
1512 4044 1830 4116 Tertium
1894 4043 2165 4141 pariter
2228 4042 2543 4130 biennio,
2616 4040 2877 4121 XLII.

551 4163 820 4239 XLIII
826 4222 845 4239 .
931 4164 1101 4239 inde
1201 4166 1683 4261 Epistolarum
1761 4168 2069 4264 primum
2151 4167 2465 4257 biennio,
2580 4166 2875 4243 XLVI.

555 4283 878 4360 XLVII.
915 4304 1072 4363 tum
1099 4288 1492 4365 carminum
1525 4290 1648 4365 lib.
1676 4305 2001 4389 quartum
2034 4302 2111 4366 et
2142 4296 2492 4367 Soeculare
2526 4293 2871 4378 triennio,

555 4406 838 4484 XLIX.
876 4410 966 4487 L.
1004 4412 1134 4489 L1.
1175 4414 1547 4491 Postremo
1583 4417 1829 4495 Artem
1869 4420 2227 4495 Ροὲεἰεαηι
2271 4429 2346 4493 et
2390 4419 2877 4515 Epistolarum
