3059 5184
734 302 792 365 J.
837 302 935 367 M.
983 303 1388 372 GESNERI
1437 304 1831 371 PRAEFAT
1833 305 1948 371 10.
2402 306 2511 371 xiii

157 486 326 558 mei
385 486 788 584 pertinent,
843 488 1040 589 quod
1095 491 1315 565 statui
1367 513 1814 577 conservare,
1868 498 2217 589 quantum
2268 488 2345 561 in
2392 512 2510 563 me

167 622 320 696 est,
365 598 664 685 Horatii
699 612 943 699 verba,
981 613 1452 712 ordinemque
1485 619 1926 713 poematum,
1968 622 2054 687 ut
2086 636 2173 685 ea
2203 636 2297 685 ex
2329 612 2513 686 anti-

170 734 352 830 quis
385 734 594 808 libris
626 735 720 808 ad
753 760 888 809 nos
912 758 1326 835 pervenere.
1430 736 1522 809 In
1545 740 1889 811 varietate
1912 736 2261 823 lectionis,
2292 760 2509 835 quam

173 854 500 931 alteram
537 858 782 932 dotem
821 860 1154 934 editionis
1177 878 1443 935 nostrae
1477 859 1805 935 volebam
1832 884 2007 948 esse,
2046 858 2341 933 modum
2372 882 2511 933 ser-

175 1006 364 1055 vare
427 1006 598 1055 eum
645 982 845 1056 volui
916 984 1271 1082 equidem,
1325 1008 1543 1083 quem
1602 986 1953 1083 optimum
2021 983 2199 1057 mihi
2254 982 2506 1069 videri,

179 1128 412 1203 supra
445 1104 788 1181 indicavi.
890 1106 1273 1195 Notarum,
1310 1108 1573 1207 quibus
1606 1110 1799 1182 eain
1830 1132 1911 1181 re
1942 1132 2115 1183 usus
2155 1132 2334 1193 sum,
2388 1130 2513 1181 ex-

177 1228 668 1325 plicationem
725 1230 988 1305 deinde
1039 1255 1325 1329 ponam,
1400 1242 1476 1304 et
1534 1232 1787 1305 eadem
1854 1231 2189 1307 indicabo
2246 1230 2513 1305 auxilia

179 1352 416 1451 hujus
447 1352 811 1439 editionis,
845 1378 1237 1454 eorumque
1271 1364 1625 1429 auctores.

301 1476 614 1563 Qualem
676 1488 1000 1575 optarem
1051 1480 1717 1577 interpretationem
1780 1476 2091 1564 Horatii,
2148 1476 2229 1551 id
2276 1478 2515 1573 ipsum

189 1625 493 1700 quoque
546 1626 761 1701 supra
795 1602 1101 1689 ostendi,
1156 1627 1461 1701 eamque
1507 1604 1859 1677 rationem
1905 1624 2041 1699 pro
2072 1600 2261 1675 virili
2308 1612 2515 1700 parte

186 1736 496 1800 secutus
532 1750 714 1800 sum.
819 1726 1024 1801 Bene
1070 1727 1268 1800 dicta
1315 1728 1406 1801 ab
1439 1728 1751 1825 antiquis
1786 1724 2185 1800 scholiastis
2219 1736 2297 1799 et
2329 1726 2517 1799 Bax-

181 1862 354 1924 tero
379 1876 534 1923 non
567 1876 751 1949 opus
783 1850 1148 1925 habebant
1175 1874 1334 1925 mea
1367 1852 1951 1926 confirmatione:
2006 1850 2065 1923 si
2097 1850 2275 1947 quid
2308 1874 2515 1925 secus

185 1976 564 2062 sentirem,
601 1976 676 2048 in
711 1975 798 2048 iis
829 1974 1030 2063 lociS,
1067 1976 1193 2074 qui
1219 1987 1665 2050 momentum
1696 1974 1990 2074 aliquod
2020 1974 2287 2049 habere
2316 1974 2515 2047 vide-

185 2110 474 2185 rentur,
534 2098 852 2173 indicavi
896 2099 1166 2175 libere:
1223 2112 1545 2174 ceterum
1578 2100 1699 2173 hic
1738 2122 2023 2184 moneo,
2082 2096 2369 2171 silentio
2396 2120 2517 2170 me

187 2248 360 2297 meo
381 2247 536 2297 non
569 2222 877 2321 probare
909 2222 1218 2298 voluisse
1251 2224 1648 2322 quidquam
1674 2252 1697 2313 3
1752 2218 1880 2295 sed
1916 2220 2025 2293 uti
2058 2217 2151 2291 de
2184 2219 2363 2291 meis
2396 2218 2521 2289 ob-

187 2348 750 2437 servationibus»,
799 2350 906 2423 ita
960 2348 1052 2421 de
1103 2348 1557 2422 Baxterianis
1603 2346 1971 2441 integrum
2020 2341 2275 2417 lectori
2306 2338 2521 2415 relin-

184 2498 442 2573 quere.
549 2472 809 2571 Itaque
856 2473 1148 2571 iniquus
1181 2471 1424 2558 fuerit,
1481 2471 1541 2544 si
1576 2468 1733 2569 quis
1770 2492 2030 2565 cogere
2063 2490 2183 2540 me
2216 2464 2393 2541 velit
2425 2462 2521 2537 ad

184 2598 620 2699 praestanda
651 2598 912 2685 omnia,
946 2621 1110 2696 quae
1141 2598 1254 2673 vir
1287 2596 1741 2670 doctissimus
1774 2594 2039 2692 posuit.
2144 2590 2515 2675 Ceterum,

187 2722 410 2820 quod
430 2722 592 2820 jam
625 2722 846 2807 innui,
870 2745 1026 2795 eam
1046 2722 1192 2795 suis
1213 2733 1323 2795 est
1348 2719 1619 2793 meritis
1645 2719 2055 2817 opinionem
2082 2724 2519 2787 consecutus

194 2846 590 2932 Baxterus,
634 2860 711 2919 ut
743 2870 982 2944 neque
1024 2870 1190 2919 cum
1227 2846 1379 2918 sine
1413 2854 1599 2918 teste
1633 2843 1708 2915 in
1744 2866 1821 2915 re
1853 2839 2257 2937 antiquaria
2286 2835 2521 2934 loqui-

187 2982 336 3057 tur,
375 2970 562 3043 fides
593 2969 698 3043 illi
733 2980 1007 3043 temere
1038 2968 1375 3065 neganda
1407 2969 1522 3041 sit.

291 3096 390 3169 In
423 3092 832 3169 refutandis
857 3092 1160 3167 aliorum
1191 3089 1901 3191 interpretationibus
1926 3086 2281 3161 rarissime
2307 3106 2522 3156 occu-

187 3232 410 3318 patus
445 3216 604 3309 fui3
657 3219 830 3292 satis
863 3216 1084 3289 habui
1116 3218 1195 3289 in
1225 3217 1314 3289 iis
1344 3216 1547 3303 locis,
1597 3238 1761 3313 quae
1804 3236 1953 3286 non
1987 3219 2185 3283 recte
2217 3216 2525 3282 tractata

191 3344 532 3431 arbitror,
592 3367 754 3416 eam
787 3364 1060 3440 ponere
1113 3341 1568 3427 sententiam,
1625 3363 1787 3437 quae
1820 3360 1991 3410 vera
2022 3332 2198 3407 mihi
2232 3330 2523 3405 videtur
2612 3360 2619 3365 ·

193 3468 315 3543 vel
351 3480 558 3541 certe
594 3466 750 3541 aliis
782 3465 1238 3565 probabilior.
1345 3465 1418 3539 Si
1453 3462 1628 3563 quid
1672 3460 1849 3535 mihi
1882 3460 2111 3533 invito
2143 3452 2525 3543 exciderit,

201 3618 350 3691 quo
381 3591 502 3667 vel
532 3590 796 3689 religio
827 3592 906 3663 in
941 3591 1186 3665 Deum
1221 3588 1549 3675 laedatur,
1582 3587 1699 3661 vel
1730 3584 2159 3669 humanitas,
2214 3577 2399 3655 illud
2430 3601 2523 3651 ne

197 3718 486 3791 dictum
517 3714 714 3804 volo,
753 3726 830 3789 et
859 3738 1022 3789 mea
1053 3717 1330 3814 primus
1363 3713 1720 3789 sententia
1752 3711 1945 3788 ultro
1978 3706 2265 3785 damno,

273 3936 462 3999 Scrib-
489 3937 786 4015 Gottingae
813 3954 960 3995 1111.
989 3936 1110 3997 cal.
1138 3936 1338 3997 Octob-

611 4056 932 4103 croroccu.
