3059 5184
749 346 810 409 J.
853 346 952 411 Μ.
999 344 1404 413 GESNERI
1450 346 1965 415 PRAEFATlo.
2452 350 2517 411 ix

195 530 840 605 emendationibus
893 530 966 603 h.
1009 556 1074 604 e.
1133 532 1713 629 corruptionibus
1756 534 1959 609 illum
2004 542 2269 621 tuerer,
2322 544 2401 607 et
2440 536 2519 609 in

193 666 462 727 statum
501 654 710 729 velut
745 678 958 729 suum
990 679 1402 731 assererem.

291 778 470 864 Quo
519 778 770 875 plures
817 776 1124 853 lectores
1171 794 1248 853 et
1296 781 1655 856 studiosos
1704 781 1957 855 habuit
2004 780 2379 871 Horatius,
2428 805 2518 857 eo

189 900 438 997 plures
475 901 586 974 illi
621 902 842 975 etiam
893 926 1144 977 manus
1194 904 1579 979 admovere
1624 904 2057 980 emendandi
2107 929 2359 979 caussa
2400 928 2519 979 co·

191 1028 340 1097 nati
399 1037 604 1111 sunt,
673 1050 826 1099 non
888 1052 1104 1124 aequo
1159 1054 1520 1116 successu,
1598 1028 1921 1103 dissimili
1976 1029 2317 1101 nimirum
2382 1029 2519 1127 ipsi

189 1150 490 1244 ingenio
533 1149 1042 1248 doctrinaque.
1147 1152 1514 1249 Ingeniosi
1566 1164 1642 1227 et
1684 1152 1948 1227 eruditi
1996 1154 2129 1225 viri
2182 1152 2315 1225 sibi
2366 1150 2517 1249 pla-

193 1284 530 1359 cuerunt,
613 1275 676 1345 si
737 1274 910 1370 quid
969 1276 1390 1374 exsculpere
1447 1290 1737 1375 possent
1798 1275 2153 1372 elegantia
2204 1276 2512 1361 Horatii,

187 1409 278 1470 ut
332 1398 480 1495 ipsi
553 1398 1106 1484 arbitrabantur,
1177 1400 1510 1497 dignius:
1592 1400 1722 1473 sed
1784 1400 2101 1497 primum
2167 1398 2347 1471 illud
2412 1402 2517 1495 ip-

189 1544 354 1592 sum
403 1520 804 1617 judicium,
895 1521 1095 1608 Quid
1163 1526 1255 1596 sit
1311 1526 1388 1595 in
1447 1525 1797 1622 scriptore
1862 1546 2089 1621 prope
2148 1522 2259 1595 bis
2320 1522 2517 1595 mille

187 1670 550 1717 annorum
623 1644 1080 1741 elegantius?
1164 1646 1452 1722 difficile
1525 1659 1639 1721 est
1706 1656 1782 1721 et
1844 1647 1949 1719 ita
2014 1644 2259 1719 multis
2324 1670 2515 1743 saepe

183 1770 594 1843 rationibus
659 1768 1092 1856 involutum,
1172 1783 1257 1845 ut
1323 1773 1581 1845 merito
1655 1770 1797 1843 hoc
1874 1771 2187 1843 maxime
2250 1770 2327 1841 in
2390 1796 2516 1867 ge-

185 1918 362 1966 nere
397 1918 550 1991 quo
587 1893 748 1991 quis
783 1905 895 1967 est
929 1892 1234 1982 doctior,
1274 1906 1476 1970 tanto
1507 1894 1797 1993 majoris
1826 1894 2200 1969 modestiae
2234 1918 2517 1969 caussas

183 2014 478 2089 habeat.
2358 2100 2365 2105 ‚

283 2140 390 2213 Et
421 2142 482 2212 si
517 2139 774 2213 demus
807 2142 982 2214 viris
1023 2141 1276 2230 doctis,
1334 2145 1569 2242 (quod
1617 2170 1785 2219 cum
1832 2144 2221 2219 universim
2265 2144 2515 2239 negari

185 2276 488 2362 propter
535 2263 878 2341 humanae
926 2278 1208 2341 naturae
1261 2278 1336 2342 et
1383 2271 1488 2343 rei
1542 2272 1765 2367 ipsius
1826 2266 2319 2341 conditionem
2368 2288 2513 2337 non

185 2390 439 2483 possit,
491 2400 736 2461 tamen
771 2390 846 2461 in
883 2389 1026 2463 hoc
1061 2390 1176 2463 vel
1209 2391 1336 2464 illo
1373 2392 1541 2465 loco
1584 2403 1879 2491 propter
1924 2414 2249 2465 caussam
2296 2388 2515 2461 modo

185 2512 588 2585 indicatam
640 2513 949 2588 concedi
1005 2515 1130 2587 vix
1188 2541 1274 2590 ac
1328 2540 1422 2589 ne
1479 2517 1605 2589 vix
1651 2514 1941 2614 quidem
1996 2513 2273 2613 potest)
2323 2514 2513 2611 ipsos

187 2636 471 2735 aliquid
514 2639 880 2711 invenisse
922 2650 1224 2736 accepta
1255 2639 1571 2715 lectione
1614 2638 1895 2726 melius,
1946 2637 2365 2737 pulchrius3
2419 2660 2513 2709 an

181 2762 364 2833 ideo
431 2760 624 2832 inud
678 2762 914 2857 potius
969 2764 1332 2861 scripsisse
1395 2764 1809 2848 Horatium,
1880 2762 2301 2835 confectum
2350 2769 2463 2833 est
2480 2766 2515 2831 Ρ

183 2884 548 2957 Licuitne
581 2880 984 2973 dormitare,
1039 2884 1438 2961 halucinari
1471 2890 1691 2962 etiam
1729 2885 2039 2960 Horatio
2058 2892 2093 2956 Ρ

289 3007 500 3094 Quid
557 3010 921 3107 scripserit
979 3008 1307 3097 Flaccus,
1370 3036 1457 3084 ea
1501 3012 1806 3110 quaestio
1848 3009 2189 3083 historica
2231 3018 2383 3081 est:
2438 3008 2515 3081 in

187 3158 274 3205 ea
314 3131 650 3217 testibus,
701 3130 778 3202 h.
827 3156 892 3205 e.
945 3130 1146 3205 libris
1191 3136 1530 3232 antiquis,
1596 3134 2211 3209 consentientibus
2263 3132 2513 3229 praeci-

187 3280 352 3352 pue,
413 3254 888 3339 credendum,
945 3255 1290 3353 quamdiu
1339 3260 1475 3357 ipsi
1523 3261 1658 3333 sibi
1702 3258 1921 3333 fidem
1953 3282 2101 3330 non
2136 3256 2509 3353 abrogant,

193 3378 542 3477 quamdiu
587 3404 736 3453 non
788 3378 1046 3453 dicunt
1094 3392 1340 3478 aperte
1383 3384 1887 3481 repugnantia.
1991 3380 2133 3455 Sed
2174 3380 2513 3456 videntur

187 3504 558 3579 interdum
611 3528 1042 3602 repugnare,
1107 3530 1295 3602 quae,
1365 3508 1894 3606 circumspecta
1947 3505 2083 3577 rite
2134 3505 2331 3577 omni
2381 3506 2515 3579 cir-

193 3630 656 3713 cumstantia,
739 3628 814 3699 in
886 3629 1348 3703 concordiam
1416 3642 1726 3729 possunt
1789 3628 2045 3725 redigi·
2092 3652 2201 3714 eo,
2286 3640 2374 3703 ut
2436 3630 2513 3701 in

193 3751 506 3835 musicis,
561 3748 1102 3847 jucundiorem,
1164 3750 1364 3849 quod
1417 3750 1691 3826 habent
1748 3751 2023 3850 aliquid
2068 3776 2339 3850 pugnae
2390 3750 2513 3825 ad-

193 3875 508 3947 mistum.
614 3871 782 3945 Tali
832 3862 1148 3970 ὄξῦμωξα.
1195 3895 1342 3945 non
1395 3874 1773 3946 observata
1820 3872 2057 3952 fraudi
2108 3874 2315 3948 fuere
2362 3892 2511 3943 non

191 4018 558 4095 nunquam
617 3994 956 4069 Bentleio
1001 3996 1102 4069 V.
1151 3996 1237 4071 C.
1304 3996 1535 4069 Serm.
1595 4004 1667 4069 2.
1722 4006 1793 4069 5.
1847 4006 1972 4085 79.
2030 4008 2109 4072 et
2165 4000 2329 4068 108.
2431 3992 2511 4067 Si

201 4118 358 4213 quid
428 4130 680 4193 autem
740 4120 833 4192 sit
891 4120 1134 4207 etiam,
1207 4119 1405 4217 quod
1462 4144 1506 4192 a
1560 4120 1821 4195 vitiosa
1882 4117 2365 4219 repugnantia
2429 4116 2509 4189 li-

201 4238 432 4319 berare
483 4266 638 4317 non
687 4244 979 4341 possim,
1033 4268 1180 4317 non
1225 4242 1394 4318 ideo
1445 4268 1655 4319 urere
1698 4258 1773 4319 et
1820 4266 2065 4317 secare
2116 4239 2310 4330 licet,
2361 4266 2509 4317 non

2903 5026 2951 5041 A
