3059 5184
561 409 760 477 xxviii
863 418 870 425 '
1241 403 1752 473 PRAEFATIO
1798 400 2250 470 BAXTERI.

559 568 681 644 vel
739 592 834 643 ex
894 568 1217 668 ipsorum
1277 569 1565 667 scriptis
1624 566 2041 667 legentibus
2090 562 2397 665 patebit.
2522 557 2646 633 De
2694 557 2955 629 nobis

557 720 757 782 vero,
797 703 874 767 et
904 694 1248 790 praesenti
1280 704 1532 767 nostro
1586 694 1944 780 instituto,
1991 690 2297 765 aliorum
2334 686 2473 761 erit
2507 682 2867 783 judicare
2906 710 2937 771 ς

557 821 686 919 qui
721 819 781 893 si
813 818 1142 893 studioso
1171 816 1528 892 favebunt
1553 819 1804 907 labori,
1836 820 1975 893 erit
2000 840 2132 892 cur
2156 815 2367 888 nobis
2394 808 2864 911 gratulemur
2900 836 2934 897 3

557 945 669 1018 sin
705 944 944 1043 (quod
977 968 1150 1016 sane
1185 944 1765 1042 exspectandum
1800 942 2181 1036 duximus)
2204 938 2451 1040 plures
2486 932 2935 1008 damnaturi

557 1081 731 1143 sunt
790 1094 956 1168 quae
1013 1092 1166 1145 non
1223 1070 1672 1168 intelligunt,
1732 1094 1867 1143 nos
1925 1068 2205 1142 factum
2266 1074 2594 1145 nostrum
2639 1058 2933 1131 durato

545 1193 769 1267 corde
819 1191 1164 1267 feremus.
1271 1194 1522 1269 Sicubi
1557 1218 1735 1269 vero
1774 1196 1852 1267 in
1874 1192 2017 1267 hoc
2060 1188 2420 1290 opusculo
2460 1186 2681 1259 nimis
2734 1182 2909 1255 acri

551 1318 964 1393 videbimur
1015 1320 1130 1391 usi
1189 1318 1378 1406 stilo,
1439 1320 1944 1418 Criticumque
2002 1316 2331 1416 gladium
2390 1312 2486 1385 de
2544 1316 2925 1399 consueto

549 1466 753 1517 more
812 1444 1208 1529 strinxisse,
1267 1442 1455 1516 illud
1507 1444 1601 1517 de
1639 1443 1811 1541 jure
1845 1454 2096 1515 nostro
2130 1440 2341 1513 nobis
2372 1432 2917 1511 vindicandum

550 1591 958 1642 censemus.
1013 1566 1276 1642 Genus
1309 1568 1506 1639 enim
1540 1566 1889 1643 irritabile
1914 1566 2359 1641 Criticorum
2379 1562 2603 1636 natio·
2658 1557 2913 1631 Abest

548 1704 799 1765 tamen
833 1690 1110 1779 odium,
1145 1692 1276 1778 ira,
1316 1700 1393 1765 et
1417 1690 1788 1765 aemulatio
1818 1716 2065 1790 prava,
2103 1692 2254 1764 imo
2288 1700 2364 1765 et
2396 1686 2715 1788 partium
2748 1692 2911 1757 stu-

551 1817 758 1891 dium
791 1841 837 1891 a
871 1816 1118 1891 studio
1154 1814 1454 1891 Musico
1477 1816 1681 1915 quod
1707 1840 1957 1891 sumus
1988 1812 2317 1915 professi.

935 2038 1242 2109 CoedImus,
1269 2039 1445 2117 inque
1471 2038 1653 2099 vicem
1677 2040 1995 2120 praebemus
2018 2058 2185 2099 crura
2211 2036 2474 2117 sagittis:

935 2142 1178 2203 Vivitur
1199 2142 1308 2203 hoc
1331 2152 1597 2222 pacto.—

639 2629 814 2705 Non
850 2630 1038 2706 vidit
1072 2632 1492 2732 exemplum
1527 2634 1747 2735 hujus
1781 2638 2119 2713 editionis
2154 2638 2537 2712 Baxterus.
2620 2634 2897 2711 Monet

533 2752 886 2833 lectorem
956 2756 1448 2832 Londinensis
1481 2852 1484 2855 .
1515 2760 1775 2849 editor,
1856 2774 1904 2807 ‘⁴
1930 2763 2445 2836 Enarratorem
2512 2759 2891 2835 eruditum

537 2890 589 2924 “
612 2879 788 2955 huic
845 2884 1050 2984 operi
1103 2884 1556 2983 recensendo
1608 2910 1740 2985 per
1792 2912 2081 2963 menses
2116 2888 2395 2986 aliquot
2436 2885 2887 2973 incubuisse,

539 3013 590 3049 “
615 3028 755 3080 nec
789 3006 1064 3097 multiS,
1093 3020 1486 3109 antequam
1522 3009 1690 3086 fatis
1712 3012 1957 3104 cessit,
1982 3012 2239 3089 diebus
2272 3010 2740 3087 absolvisse.''
2776 3008 2889 3083 G.
