3059 5184
1027 1012 1169 1087 W.
1227 998 1236 1007 ⁶
1269 1012 1843 1096 BAXTERI

729 1278 1300 1355 JUDICIUM
1381 1285 1528 1357 DE
1610 1288 2141 1363 HORATIO

1325 1519 1490 1568 ATQU
1499 1522 1537 1559 Β

1085 1722 1291 1783 EJUS
1349 1722 1687 1783 SCRIPTI
1696 1726 1759 1787 S.

229 2004 338 2069 Dr
371 1999 640 2067 Horatii
667 2010 856 2087 gente
875 1996 1036 2061 nihil
1063 2010 1327 2076 constat,
1358 2000 1480 2065 nisi
1507 2001 1697 2067 fuisse
1726 2024 1871 2067 eum
1900 2002 2071 2090 quod
2100 2024 2181 2067 ex
2202 2002 2339 2087 ipse
2366 2002 2601 2087 prodit.

229 2112 550 2179 Libertini
583 2108 834 2197 generis
874 2118 938 2172 et
981 2108 1184 2192 patria
1213 2108 1645 2189 Venusinum3
1690 2112 2065 2178 crediderim
2104 2112 2293 2177 etiam
2320 2123 2385 2177 et
2410 2112 2605 2177 domo

229 2224 560 2301 Graecum,
621 2218 794 2308 quod
849 2240 1162 2305 nusquam
1215 2220 1510 2285 Romano
1566 2243 1745 2287 more
1800 2223 1868 2285 in
1909 2221 2243 2287 Graeculos
2292 2220 2607 2299 desaeviat,

223 2334 356 2399 imo
383 2332 774 2421 quandoque
813 2352 924 2394 eos
969 2328 1300 2409 collaudet,
1331 2344 1396 2395 et
1421 2330 1522 2395 vel
1558 2331 1863 2396 Romanis
1912 2334 2043 2397 suis
2092 2328 2413 2397 anteferat.
2500 2330 2609 2397 De

225 2446 478 2531 scriptis
535 2445 672 2529 ejus
725 2440 1298 2527 impraesentiarum
1353 2439 1494 2504 haec
1550 2439 1804 2507 habete.
1914 2440 2157 2507 Omnes
2228 2441 2339 2529 qui
2398 2439 2607 2507 Musis

221 2557 412 2623 litare
461 2554 740 2633 student,
797 2576 912 2617 sua
967 2550 1158 2615 mella
1219 2574 1261 2617 e
1306 2563 1591 2617 veterum
1650 2552 1893 2638 scriptis
1952 2574 2291 2639 excerpere
2346 2550 2599 2617 debent.

223 2666 436 2733 Maro
481 2664 678 2751 igitur
723 2676 788 2728 et
829 2663 1092 2729 Flaccus
1135 2674 1370 2740 noster,
1423 2662 1535 2750 qui
1582 2661 1707 2727 hoc
1756 2660 1977 2741 fecere,
2030 2684 2153 2748 pro
2196 2660 2441 2729 liberali
2488 2683 2607 2727 suo

223 2776 524 2863 ingenio,
551 2772 720 2837 furta
762 2796 870 2837 sua
903 2774 1114 2861 palam
1163 2771 1430 2859 professi
1479 2785 1651 2852 sunt,
1700 2773 1853 2839 dum
1884 2774 2123 2839 imitata
2172 2794 2287 2839 sua
2312 2776 2605 2857 poemata

235 2884 528 2971 Eclogas
552 2882 954 2969 inscripsere:

900 3096 1112 3175 -Ego
1139 3096 1262 3175 apia
1289 3096 1535 3157 Matina:

1143 3200 1310 3259 More
1335 3200 1615 3281 modoque

824 3305 1008 3365 Grata
1033 3304 1320 3384 carpentis
1345 3304 1547 3384 thyma
1572 3326 1675 3384 per
1700 3304 1947 3364 laborent

823 3407 1171 3476 Plurimum,
1199 3408 1346 3467 circa
1371 3426 1593 3478 nemus,
1627 3406 1901 3487 uvidique

823 3510 1058 3571 Tiburis
1083 3511 1258 3591 ripas,
1285 3531 1516 3592 operosa
1542 3530 1753 3589 parvus

1133 3614 1404 3675 Carmina
1427 3614 1599 3693 fingo.

215 3822 444 3905 Atque
479 3817 630 3883 hinc
669 3816 906 3883 factum
935 3830 1050 3898 est,
1093 3818 1266 3906 quod
1313 3840 1396 3883 ex
1438 3840 1516 3883 eo
1568 3830 1853 3902 tempore
1898 3818 2136 3905 quaevis
2188 3818 2401 3887 brevia
2446 3821 2603 3903 poi}-

211 3929 432 4006 matia,
463 3940 722 3995 auctore
751 3928 988 3995 Vetere
1017 3928 1392 4014 Interprete,
1427 3928 1689 4016 Eclogae
1728 3928 2123 3993 dicerentur:
2168 3950 2313 3995 cum
2340 3929 2601 4014 proprie

219 4040 468 4129 Ecloga
507 4040 852 4115 ’Arsam-yla
893 4040 994 4117 sit,
1039 4039 1170 4105 sive
1209 4038 1440 4103 florum
1473 4038 1773 4118 delectum,
1814 4038 2098 4127 pictusve
2148 4036 2499 4120 fasciculus,
2530 4053 2603 4105 ut

215 4150 318 4215 vel
345 4150 428 4216 ad
461 4150 854 4219 Tonantium
885 4148 1196 4239 significat
1225 4148 1648 4235 Apollinaris:

817 4364 1084 4423 Vernaus
1109 4380 1212 4442 per
1239 4361 1382 4424 varii
1407 4360 1675 4421 carminis
1702 4360 1949 4437 Ecloga·

807 4466 1136 4529 Verborum
1167 4465 1330 4527 violis
1357 4464 1824 4528 multicoloribus.
