3059 5184
457 348 612 411 xxiv
1087 346 1657 421 ooMPENDIA,
1700 348 2177 417 NOMINUM

457 536 828 611 terniones
861 560 1012 612 non
1037 536 1146 635 illi
1179 537 1476 639 quidem
1505 538 1735 613 literis
1762 536 2165 637 Alphabeti
2198 536 2487 633 signati,
2526 533 2657 608 sed
2708 532 2831 605 fo-

457 656 558 733 lia
587 660 744 759 ipsa
775 663 855 735 in
889 662 1164 763 angulo
1197 664 1462 739 dextro
1493 665 1785 763 paginae
1834 662 2139 737 adversa
2181 660 2503 734 numeris
2534 682 2669 758 per
2703 670 2833 732 to-

459 791 618 855 tum
652 808 835 884 opus
867 788 1238 865 continuis
1289 788 1657 874 distincta,
1696 788 1794 861 ad
1848 811 2033 887 quos
2092 783 2645 860 accommodata
2696 796 2827 857 est

457 906 708 982 tabula
767 912 1313 1000 vocabulorum,
1375 938 1545 1013 quae
1604 914 1679 986 in
1732 911 2272 986 commentariis
2324 908 2823 1009 explicantur,

457 1054 609 1107 non
641 1036 841 1111 bono
876 1038 1180 1113 consilio
1212 1050 1380 1138 post
1416 1040 1702 1111 omissa.
1792 1034 2068 1124 Quales
2104 1037 2251 1109 sint
2282 1034 2427 1109 illae
2462 1036 2829 1133 interpre-

459 1160 796 1249 tationes,
865 1162 1260 1257 ostendent
1329 1163 1731 1263 specimina
1785 1160 2019 1235 multa
2066 1184 2116 1236 a
2180 1159 2505 1237 Baxtero
2567 1157 2825 1233 allata.

461 1280 663 1357 Illud
719 1287 1117 1361 universim
1177 1288 1607 1378 tenendum,
1670 1284 1905 1361 multa
1962 1295 2143 1359 tunc
2202 1286 2540 1383 ignorata
2588 1284 2825 1357 etiam

459 1407 718 1497 doctis,
757 1437 924 1511 quae
957 1414 1036 1486 in
1069 1411 1474 1486 trivialibus
1525 1410 1790 1483 libellis
1824 1410 2233 1500 habentur;
2290 1404 2523 1481 multa
2552 1406 2831 1479 melius

457 1555 660 1608 nunc
691 1536 1085 1609 traduntur
1133 1536 1212 1607 in
1263 1533 1561 1609 Lexicis
1593 1532 1711 1607 vel
1744 1535 1932 1607 vivae
1976 1533 2561 1633 interpretationi
2594 1556 2833 1605 reser-

457 1670 750 1746 vantur,
781 1684 948 1759 quae
977 1670 1138 1735 tum
1171 1662 1252 1733 in
1279 1660 1863 1735 Commentarios
1896 1657 2310 1735 referebant
2343 1659 2606 1732 merito
2638 1668 2793 1749 ete.

559 1783 660 1865 G,
690 1784 902 1860 Gott.
935 1784 1454 1883 ‚Gottingensis
1481 1784 1745 1861 Codex
1782 1784 1949 1861 MS.
1980 1784 2080 1875 de
2114 1809 2265 1885 quo
2302 1782 2600 1859 Praesid.
2633 1805 2711 1855 n.
2754 1780 2831 1858 1.

562 1908 667 1993 H.
707 1909 908 1985 Han.
948 1910 1559 1999 Hannoveranus,
1598 1909 1693 1985 de
1729 1934 1878 2010 quo
1909 1932 1987 1984 n.
2024 1908 2137 1983 II.

461 2079 484 2125 2
557 2033 797 2111 Loch-
857 2033 1178 2142 Locheri
1235 2035 1571 2133 (Jacobi)
1625 2060 1847 2136 quam
1904 2034 2253 2111 Losa-heri
2305 2056 2573 2107 vocare
2625 2030 2827 2105 solet

463 2158 886 2236 Bentleius:
977 2158 1202 2236 habui
1275 2186 1318 2236 e
1390 2160 1857 2239 Bibliotheca
1944 2160 2185 2256 Regia
2272 2156 2831 2233 Hannoverana

459 2283 914 2384 benignitate
945 2285 1228 2361 laudati
1259 2287 1593 2365 Scheidii.
2802 2273 2813 2283 ⁶

559 2407 769 2482 Med.
809 2408 1394 2486 Mediolanensia
1426 2409 1874 2510 exemplaria
1906 2408 2129 2484 habet
2158 2405 2618 2483 Bibliotheca
2650 2428 2828 2504 nos-

459 2544 576 2615 tra
605 2532 767 2617 tria,
806 2555 1038 2605 unum
1073 2558 1294 2631 opera
1321 2550 1398 2611 et
1423 2538 1753 2634 impensis
1814 2536 2139 2633 Philippi
2188 2532 2591 2629 Lavagnioe
2636 2530 2827 2607 civis

455 2656 1016 2747 Mediolanensi-5
1043 2682 1232 2751 anno
1267 2685 1313 2733 a
1343 2662 1567 2733 natali
1598 2662 1997 2736 Christiano
2036 2654 2815 2735 MCCCCLXXVII.

461 2782 664 2856 tertio
699 2782 830 2856 Kl.
867 2783 1069 2857 Maii
1099 2782 1156 2857 f.
1263 2784 1613 2859 Alterum
1648 2783 1875 2859 habet
1908 2783 2103 2859 hanc
2140 2782 2763 2882 subscriptionem
2798 2806 2824 2855 z

459 2908 564 2985 In
603 2908 884 3002 officina
914 2908 1194 3004 egregii
1227 2910 1506 2985 librarii
1551 2911 1847 2999 Antonii
1898 2912 2183 2985 Zarotti
2232 2908 2642 2984 Parmensis
2692 2900 2825 2981 ini-

445 3032 712 3127 pendia
747 3033 818 3107 A
825 3033 1150 3107 lea-andri
1182 3036 1289 3109 M
1285 3036 1586 3109 inutiani
1622 3036 1897 3133 Appuli
1943 3040 2031 3110 de
2064 3039 2321 3111 Sancto
2370 3036 2631 3133 Severo
2666 3035 2827 3107 lzoec

453 3180 673 3253 opera
717 3158 1123 3234 Mediolani
1170 3160 1510 3255 impressa
1558 3172 1743 3235 stmt.
1850 3164 2061 3237 Anno
2120 3187 2168 3234 a
2220 3160 2589 3255 salutifero
2654 3160 2825 3234 Vir-

451 3283 648 3379 ginis
681 3295 910 3379 partu
951 3297 1144 3357 serto
1203 3297 1278 3359 et
1325 3286 1739 3382 octogesimo
1796 3310 2019 3383 supra
2074 3286 2502 3361 millesimum
2534 3295 2609 3357 et
2646 3308 2825 3381 qua-

457 3408 1094 3503 dringentesimum,
1159 3410 1420 3493 Quinto
1481 3412 1644 3485 idus
1700 3413 2047 3487 Martias.
2090 3409 2219 3484 fol.
2306 3406 2823 3485 Memorabilis

457 3542 570 3607 est
599 3530 933 3629 praefatio
959 3531 1370 3609 Alexandri
1393 3534 1796 3609 Minutiani
1821 3536 1918 3610 ad
1944 3534 2567 3611 Bartholomaeum
2594 3534 2823 3610 Chal-

457 3680 652 3744 cum,
677 3655 1073 3731 Ducalium
1113 3670 1565 3734 secretorum
1594 3658 2066 3759 Magistrum,
2088 3659 2289 3758 unde
2312 3660 2649 3759 quaedam
2686 3658 2825 3736 hic

457 3804 954 3882 excerpemus.
1043 3782 1330 3882 Scripta
1363 3798 1476 3859 est
1507 3786 1587 3858 in
1618 3786 1795 3859 diali
1828 3810 1993 3859 arce
2028 3788 2159 3882 (an
2186 3784 2327 3859 hoc
2357 3796 2471 3858 est
2499 3786 2573 3858 in
2610 3783 2815 3885 pala-

455 3908 562 3981 tio
595 3906 1012 4006 Episcopali
1034 3908 1103 4001 Ρ)
1151 3910 1388 4004 pridie
1421 3911 1582 3985 idus
1614 3912 1943 3985 Martias
1976 3911 2188 3987 Anno
2222 3936 2271 3983 a
2302 3922 2467 3984 nato
2494 3912 2819 3985 Domino

455 4031 1088 4122 MCCCCLXXX
1095 4034 1154 4106 V
1155 4036 1226 4107 Ι.
1301 4092 1306 4099 .
1353 4038 1910 4109 Postulaverunt
1968 4060 2015 4109 a
2082 4059 2191 4107 me
2258 4035 2539 4131 quidam
2604 4060 2821 4131 supe-

449 4154 630 4227 riori
683 4180 890 4244 armo,
951 4169 1036 4231 ut
1078 4160 1319 4233 Flacci
1377 4160 1593 4234 libros
1616 4188 1644 4233 .·
1709 4184 1882 4258 quos
1940 4162 2355 4258 impres-suri
2397 4172 2609 4235 erant
2648 4184 2815 4234 cum

458 4274 740 4377 Acrone
795 4295 868 4353 et
915 4284 1418 4380 Porphyrione-
1471 4287 2007 4363 accuratissimis
2056 4288 2553 4387 iquerpretibus
2600 4288 2813 4360 casti-
