3059 5184
757 850 920 927 JO.
1009 846 1282 927 CAR.
1373 848 1824 929 ZEUNH

1031 1094 1555 1159 PRAEFATIO.

167 1342 342 1433 Cmr,
387 1346 920 1446 exemplaribus
965 1348 1302 1422 editionis
1351 1346 1697 1423 secundae
1734 1348 2143 1436 divenditis,
2178 1372 2439 1423 novam

50 1572 52 1575 y
167 1469 474 1545 adornare
503 1472 942 1546 instituisset
975 1472 1398 1560 Redemtor,
1435 1482 1514 1546 et
1564 1496 1607 1544 a
1656 1494 1775 1543 me
1823 1472 2169 1569 petiisset,
2222 1484 2333 1558 ut,
2380 1474 2443 1545 si

50 1688 52 1703 Ε
167 1590 318 1687 qaid
344 1594 701 1681 haberem,
760 1595 1098 1671 adderem
1128 1626 1154 1687 3
1223 1594 1480 1695 opellae
1528 1594 2049 1694 qualiscunque
2094 1620 2139 1669 a
2166 1620 2286 1669 me
2319 1594 2439 1669 bic

50 1704 52 1777 ὲ
166 1714 470 1793 adhibitae
523 1721 782 1819 paucis
832 1720 1206 1794 reddenda
1253 1741 1406 1795 esse
1437 1720 1727 1795 videtur
1774 1722 1981 1795 ratio.
2084 1718 2439 1794 Observa-

50 1826 52 1923 ]
165 1840 444 1915 tionibus
499 1844 796 1943 quidem
857 1844 1158 1919 Baxteri
1215 1855 1290 1919 et
1349 1844 1683 1933 Gesneri,
1746 1868 1946 1943 quas,
1990 1846 2051 1917 si
2100 1868 2145 1917 a
2190 1844 2439 1942 paucis

50 1988 52 2005 ¹
165 1960 576 2041 Baxtenanis
607 1970 1008 2055 recesseris,
1045 1967 1434 2042 servandas
1461 1992 1617 2043 esse
1652 1968 1835 2042 duxi
1862 1990 2137 2053 omnes,
2172 1968 2437 2065 passim

163 2084 400 2162 addere
432 2114 642 2165 ausus
675 2116 838 2165 sum
886 2115 1112 2179 meas,
1144 2093 1205 2165 si
1254 2116 1430 2189 quas
1473 2095 1585 2167 rei
1632 2092 2115 2191 intelligentia
2160 2090 2443 2165 deside

163 2233 300 2285 rare
343 2213 713 2289 videbatur
733 2220 798 2286 ¹¹¹.
904 2214 1225 2289 Textum
1275 2215 1637 2289 nonnullis
1686 2218 1763 2288 in
1810 2214 2013 2301 lociS,
2064 2214 2192 2286 sed
2226 2222 2439 2285 caute

163 2346 229 2406 et
272 2360 498 2433 parce,
546 2337 638 2411 ad
685 2338 907 2411 fidem
959 2338 1304 2413 librorum
1337 2341 1635 2443 mutavi,
1684 2362 2075 2437 causasque
2108 2337 2213 2411 rei
2248 2359 2440 2409 com-

165 2463 544 2536 memoravi.
643 2460 954 2537 Gesneri
986 2465 1312 2538 varietati
1361 2460 1691 2537 lectionis
1740 2486 1973 2535 meam
2009 2484 2300 2558 quoque
2332 2460 2437 2533 in-

161 2582 512 2657 serendam
554 2610 714 2659 esse
768 2587 1194 2675 existimavi,
1251 2610 1470 2686 quam
1503 2586 1619 2661 vel
1675 2610 1769 2661 ex
1818 2584 2243 2659 Bentleiana
2291 2582 2441 2655 edi-

165 2704 368 2792 tione,
399 2708 726 2783 nondum
755 2734 800 2781 a
831 2708 1156 2785 Gesnero
1177 2723 1524 2798 notatam,
1554 2710 1671 2785 vel
1696 2710 2105 2785 Venetiana
2131 2706 2223 2781 de
2250 2729 2443 2779 anno

165 2834 370 2915 1559,
403 2829 516 2903 vel
565 2830 943 2921 Glareana,
995 2860 1160 2933 quae
1193 2836 1528 2933 Friburgi
1576 2858 1643 2907 a.
1684 2832 1873 2907 1536
1922 2832 2192 2931 prodiit
2222 2832 2298 2903 in
2332 2830 2437 2901 lu-

159 2945 328 3039 cem,
363 2954 475 3028 vel
505 2954 956 3031 Chabotiana
985 2984 1050 3033 a.
1092 2960 1306 3047 1615,
1343 2959 1462 3034 vel
1495 2957 1833 3033 Lambini
1866 2954 2334 3030 wecheliana
2372 2980 2435 3027 a.

165 3076 362 3163 1596,
421 3078 875 3178 collegeram.
973 3080 1331 3157 Praeterea
1389 3106 1583 3171 cum,
1645 3078 1988 3179 singulari
2045 3078 2225 3151 Titii
2272 3078 2439 3149 Pro-

163 3196 416 3275 fessoris
451 3202 791 3303 Physices
821 3204 1042 3302 longe
1092 3206 1535 3282 celeberrimi
1588 3216 1665 3279 et
1724 3201 2045 3301 Collegae
2094 3202 2236 3275 mei
2272 3226 2441 3275 con-

151 3319 558 3415 junctissimi
579 3327 1034 3417 liberalitate,
1064 3329 1430 3427 exemplar
1451 3328 1784 3404 editionis
1813 3326 2196 3401 Glareanae
2220 3350 2437 3398 manu

164 3444 378 3521 Crusii
407 3450 577 3523 olim
613 3449 1040 3525 Professoris
1071 3452 1615 3550 Vitebergensis
1648 3452 1743 3526 ad
1790 3475 1989 3525 meos
2020 3474 2191 3523 usus
2238 3474 2443 3553 acce-

49 3564 82 3649 !
159 3570 420 3663 pissem,
475 3572 659 3647 inde
709 3575 1044 3649 codicum
1101 3575 1526 3649 Bersmanni
1576 3566 1995 3650 varietatem
2043 3576 2123 3649 e't'
2174 3576 2440 3673 paucas

49 3686 78 3727 ⁹
163 3692 378 3769 crusii
427 3698 886 3797 conjecturas
943 3702 1019 3772 in
1067 3700 1256 3773 hanc
1299 3700 1686 3774 editionem
1738 3698 2263 3775 transferendas
2312 3724 2443 3797 pu-

69 3877 75 3889 .
157 3822 310 3891 tavi.
407 3822 772 3910 Quoniam
827 3834 1417 3921 argumentorum
1471 3828 1825 3899 enarratio
1882 3823 1976 3897 ad
2035 3825 2140 3897 rei
2182 3821 2443 3896 intelli-

49 3988 80 4065 β
131 3944 452 4035 gentiam
485 3970 634 4019 non
667 3972 928 4047 parum
959 3946 1200 4022 facere
1237 3951 1732 4041 existimatum
1786 3950 2005 4035 omni,
2043 3972 2184 4045 qua
2209 3944 2438 4040 potui,

49 4068 86 4143 b
159 4062 530 4164 diligentia,
590 4073 919 4171 inprimis
969 4073 1429 4147 sermonibus
1475 4071 1959 4172 Epistolisque
2016 4068 2139 4141 illa
2169 4090 2443 4164 praepo-

161 4427 208 4483 C
223 4329 430 4487 *σῦκ
467 4332 603 4393 huic
647 4333 904 4412 repetitae
947 4335 1182 4395 editioni
1225 4355 1515 4405 accessere,
1561 4336 1650 4396 his
1700 4335 1875 4412 signis
1916 4331 2029 4411 [†]
2076 4342 2265 4393 notata
2289 4343 2441 4392 sunt-

2030 4562 2071 4610 a
2105 4545 2151 4609 Q
