<?xml version="1.0" encoding="UTF-8"?>
<!DOCTYPE html PUBLIC "-//W3C//DTD XHTML 1.0 Transitional//EN"
    "http://www.w3.org/TR/xhtml1/DTD/xhtml1-transitional.dtd">
<html xmlns="http://www.w3.org/1999/xhtml" xml:lang="en" lang="en">
 <head>
  <title>
</title>
<meta http-equiv="Content-Type" content="text/html;charset=utf-8" />
  <meta name='ocr-system' content='tesseract 3.04.00' />
  <meta name='ocr-capabilities' content='ocr_page ocr_carea ocr_par ocr_line ocrx_word'/>
</head>
<body>
  <div class='ocr_page' id='page_1' title='image "./qhoratiiflaccie00verbgoog_0013.png"; bbox 0 0 3059 5184; ppageno 0'>
   <div class='ocr_carea' id='block_1_1' title="bbox 839 886 1855 967">
    <p class='ocr_par' dir='ltr' id='par_1_1' title="bbox 839 886 1855 967">
     <span class='ocr_line' id='line_1_1' title="bbox 839 886 1855 967; baseline 0.002 -2"><span class='ocrx_word' id='word_1_1' title='bbox 839 892 927 965; x_wconf 82' lang='lat' dir='ltr'><strong>J.</strong></span> <span class='ocrx_word' id='word_1_2' title='bbox 1018 890 1148 967; x_wconf 89' lang='lat' dir='ltr'><strong>M.</strong></span> <span class='ocrx_word' id='word_1_3' title='bbox 1227 886 1855 967; x_wconf 77' lang='lat' dir='ltr'>GESNERI</span> 
     </span>
    </p>
   </div>
   <div class='ocr_carea' id='block_1_2' title="bbox 1077 1172 1602 1236">
    <p class='ocr_par' dir='ltr' id='par_1_2' title="bbox 1077 1172 1602 1236">
     <span class='ocr_line' id='line_1_2' title="bbox 1077 1172 1602 1236; baseline -0.002 -1"><span class='ocrx_word' id='word_1_4' title='bbox 1077 1172 1602 1236; x_wconf 57' lang='lat' dir='ltr'>PRAEFATIO.</span> 
     </span>
    </p>
   </div>
   <div class='ocr_carea' id='block_1_3' title="bbox 203 1508 2515 1735">
    <p class='ocr_par' dir='ltr' id='par_1_3' title="bbox 203 1508 2515 1735">
     <span class='ocr_line' id='line_1_3' title="bbox 207 1508 2515 1611; baseline 0.003 -30"><span class='ocrx_word' id='word_1_5' title='bbox 207 1508 403 1585; x_wconf 69' lang='lat' dir='ltr'><strong>Anco</strong></span> <span class='ocrx_word' id='word_1_6' title='bbox 436 1512 530 1585; x_wconf 78' lang='lat' dir='ltr'><strong>ab</strong></span> <span class='ocrx_word' id='word_1_7' title='bbox 567 1510 910 1584; x_wconf 87' lang='lat' dir='ltr'><strong>omnibus</strong></span> <span class='ocrx_word' id='word_1_8' title='bbox 965 1511 1140 1585; x_wconf 88' lang='lat' dir='ltr'><strong>inde</strong></span> <span class='ocrx_word' id='word_1_9' title='bbox 1191 1511 1474 1585; x_wconf 82' lang='lat' dir='ltr'><strong>saeculis</strong></span> <span class='ocrx_word' id='word_1_10' title='bbox 1527 1522 1954 1611; x_wconf 80' lang='lat' dir='ltr'><strong>sategerunt</strong></span> <span class='ocrx_word' id='word_1_11' title='bbox 1992 1514 2190 1587; x_wconf 81' lang='lat' dir='ltr'><strong>circa</strong></span> <span class='ocrx_word' id='word_1_12' title='bbox 2224 1512 2515 1589; x_wconf 78' lang='lat' dir='ltr'><strong>Horatii</strong></span> 
     </span>
     <span class='ocr_line' id='line_1_4' title="bbox 203 1632 2513 1735; baseline 0.003 -30"><span class='ocrx_word' id='word_1_13' title='bbox 203 1632 426 1708; x_wconf 82' lang='lat' dir='ltr'>Flacci</span> <span class='ocrx_word' id='word_1_14' title='bbox 481 1634 802 1733; x_wconf 83' lang='lat' dir='ltr'><strong>Eelogas</strong></span> <span class='ocrx_word' id='word_1_15' title='bbox 859 1634 1194 1722; x_wconf 86' lang='lat' dir='ltr'><strong>Librarii,</strong></span> <span class='ocrx_word' id='word_1_16' title='bbox 1251 1636 1724 1734; x_wconf 86' lang='lat' dir='ltr'><strong>Interpretes,</strong></span> <span class='ocrx_word' id='word_1_17' title='bbox 1790 1636 2067 1725; x_wconf 82' lang='lat' dir='ltr'><strong>Critici,</strong></span> <span class='ocrx_word' id='word_1_18' title='bbox 2137 1646 2223 1711; x_wconf 88' lang='lat' dir='ltr'><strong>ut</strong></span> <span class='ocrx_word' id='word_1_19' title='bbox 2284 1640 2513 1735; x_wconf 73' lang='lat' dir='ltr'><strong>possit</strong></span> 
     </span>
    </p>
   </div>
   <div class='ocr_carea' id='block_1_4' title="bbox 159 1754 2511 1857">
    <p class='ocr_par' dir='ltr' id='par_1_4' title="bbox 159 1754 2511 1857">
     <span class='ocr_line' id='line_1_5' title="bbox 159 1754 2511 1857; baseline 0.003 -30"><span class='ocrx_word' id='word_1_20' title='bbox 159 1760 165 1767; x_wconf 83' lang='lat'>&#39;</span> <span class='ocrx_word' id='word_1_21' title='bbox 202 1754 404 1831; x_wconf 87' lang='lat' dir='ltr'><strong>homo</strong></span> <span class='ocrx_word' id='word_1_22' title='bbox 433 1758 774 1857; x_wconf 86' lang='lat' dir='ltr'><strong>diligens,</strong></span> <span class='ocrx_word' id='word_1_23' title='bbox 799 1758 922 1832; x_wconf 88' lang='lat' dir='ltr'><strong>cui</strong></span> <span class='ocrx_word' id='word_1_24' title='bbox 957 1757 1432 1833; x_wconf 64' lang='lat' dir='ltr'><strong>Bibliothecae</strong></span> <span class='ocrx_word' id='word_1_25' title='bbox 1463 1770 1787 1857; x_wconf 86' lang='lat' dir='ltr'><strong>pateant,</strong></span> <span class='ocrx_word' id='word_1_26' title='bbox 1816 1758 2029 1833; x_wconf 81' lang='lat' dir='ltr'><strong>fa&#39;cile</strong></span> <span class='ocrx_word' id='word_1_27' title='bbox 2063 1760 2330 1835; x_wconf 88' lang='lat' dir='ltr'><strong>librum</strong></span> <span class='ocrx_word' id='word_1_28' title='bbox 2364 1786 2511 1835; x_wconf 84' lang='lat' dir='ltr'><strong>me-</strong></span> 
     </span>
    </p>
   </div>
   <div class='ocr_carea' id='block_1_5' title="bbox 201 1880 2527 4456">
    <p class='ocr_par' dir='ltr' id='par_1_5' title="bbox 201 1880 2515 2101">
     <span class='ocr_line' id='line_1_6' title="bbox 204 1880 2515 1980; baseline 0.003 -29"><span class='ocrx_word' id='word_1_29' title='bbox 204 1880 504 1955; x_wconf 82' lang='lat' dir='ltr'><strong>diocrem</strong></span> <span class='ocrx_word' id='word_1_30' title='bbox 539 1881 660 1956; x_wconf 87' lang='lat' dir='ltr'><strong>vel</strong></span> <span class='ocrx_word' id='word_1_31' title='bbox 694 1882 846 1957; x_wconf 71' lang='lat' dir='ltr'><strong>sola</strong></span> <span class='ocrx_word' id='word_1_32' title='bbox 877 1880 1094 1980; x_wconf 85' lang='lat' dir='ltr'><strong>hujus</strong></span> <span class='ocrx_word' id='word_1_33' title='bbox 1129 1881 1378 1957; x_wconf 70' lang='lat' dir='ltr'><strong>Poetae</strong></span> <span class='ocrx_word' id='word_1_34' title='bbox 1411 1886 1809 1959; x_wconf 81' lang='lat' dir='ltr'><strong>enarranda</strong></span> <span class='ocrx_word' id='word_1_35' title='bbox 1856 1884 2153 1959; x_wconf 85' lang='lat' dir='ltr'><strong>historia</strong></span> <span class='ocrx_word' id='word_1_36' title='bbox 2200 1884 2515 1959; x_wconf 81' lang='lat' dir='ltr'><strong>literaria</strong></span> 
     </span>
     <span class='ocr_line' id='line_1_7' title="bbox 201 2004 988 2101; baseline 0.006 -25"><span class='ocrx_word' id='word_1_37' title='bbox 201 2004 513 2101; x_wconf 88' lang='lat' dir='ltr'><strong>implere.</strong></span> <span class='ocrx_word' id='word_1_38' title='bbox 981 2025 988 2029; x_wconf 80' lang='grc'><strong>’</strong></span> 
     </span>
    </p>

    <p class='ocr_par' dir='ltr' id='par_1_6' title="bbox 201 2128 2521 2822">
     <span class='ocr_line' id='line_1_8' title="bbox 291 2128 2515 2232; baseline 0.001 -30"><span class='ocrx_word' id='word_1_39' title='bbox 291 2128 388 2202; x_wconf 87' lang='lat' dir='ltr'><strong>Et</strong></span> <span class='ocrx_word' id='word_1_40' title='bbox 435 2143 704 2217; x_wconf 82' lang='lat' dir='ltr'><strong>tamen,</strong></span> <span class='ocrx_word' id='word_1_41' title='bbox 743 2130 944 2229; x_wconf 91' lang='lat' dir='ltr'><strong>quod</strong></span> <span class='ocrx_word' id='word_1_42' title='bbox 1001 2132 1156 2205; x_wconf 85' lang='lat' dir='ltr'><strong>sine</strong></span> <span class='ocrx_word' id='word_1_43' title='bbox 1207 2130 1468 2230; x_wconf 85' lang='lat' dir='ltr'><strong>injuria</strong></span> <span class='ocrx_word' id='word_1_44' title='bbox 1503 2133 1931 2232; x_wconf 85' lang='lat' dir='ltr'><strong>cujusquam</strong></span> <span class='ocrx_word' id='word_1_45' title='bbox 1984 2134 2294 2207; x_wconf 85' lang='lat' dir='ltr'><strong>hominis</strong></span> <span class='ocrx_word' id='word_1_46' title='bbox 2352 2134 2515 2205; x_wconf 81' lang='lat' dir='ltr'><strong>sim-</strong></span> 
     </span>
     <span class='ocr_line' id='line_1_9' title="bbox 201 2251 2521 2352; baseline 0.002 -29"><span class='ocrx_word' id='word_1_47' title='bbox 201 2251 616 2352; x_wconf 86' lang='lat' dir='ltr'><strong>pliciterque</strong></span> <span class='ocrx_word' id='word_1_48' title='bbox 649 2254 940 2327; x_wconf 83' lang='lat' dir='ltr'><strong>dictum</strong></span> <span class='ocrx_word' id='word_1_49' title='bbox 962 2252 1318 2341; x_wconf 84' lang='lat' dir='ltr'><strong>volumus,</strong></span> <span class='ocrx_word' id='word_1_50' title='bbox 1357 2256 1807 2330; x_wconf 84' lang='lat' dir='ltr'><strong>desideratur</strong></span> <span class='ocrx_word' id='word_1_51' title='bbox 1840 2281 1885 2329; x_wconf 80' lang='lat' dir='ltr'>a</span> <span class='ocrx_word' id='word_1_52' title='bbox 1914 2254 2161 2329; x_wconf 83' lang='lat' dir='ltr'><strong>multis</strong></span> <span class='ocrx_word' id='word_1_53' title='bbox 2192 2254 2365 2328; x_wconf 90' lang='lat' dir='ltr'><strong>inde</strong></span> <span class='ocrx_word' id='word_1_54' title='bbox 2397 2278 2521 2327; x_wconf 83' lang='lat' dir='ltr'><strong>an-</strong></span> 
     </span>
     <span class='ocr_line' id='line_1_10' title="bbox 203 2364 2512 2478; baseline 0.003 -33"><span class='ocrx_word' id='word_1_55' title='bbox 203 2377 308 2447; x_wconf 90' lang='lat' dir='ltr'><strong>nis</strong></span> <span class='ocrx_word' id='word_1_56' title='bbox 339 2376 558 2452; x_wconf 88' lang='lat' dir='ltr'><strong>editio</strong></span> <span class='ocrx_word' id='word_1_57' title='bbox 591 2403 758 2477; x_wconf 83' lang='lat' dir='ltr'><strong>quoe</strong></span> <span class='ocrx_word' id='word_1_58' title='bbox 815 2379 1132 2477; x_wconf 87' lang='lat' dir='ltr'><strong>primum</strong></span> <span class='ocrx_word' id='word_1_59' title='bbox 1165 2380 1388 2452; x_wconf 81' lang='lat' dir='ltr'><strong>verba</strong></span> <span class='ocrx_word' id='word_1_60' title='bbox 1419 2378 1789 2466; x_wconf 74' lang='lat' dir='ltr'><strong>AuctoriS,</strong></span> <span class='ocrx_word' id='word_1_61' title='bbox 1842 2390 2193 2478; x_wconf 82' lang='lat' dir='ltr'><strong>quantum</strong></span> <span class='ocrx_word' id='word_1_62' title='bbox 2250 2364 2512 2477; x_wconf 81' lang='lat' dir='ltr'><strong>potest,</strong></span> 
     </span>
     <span class='ocr_line' id='line_1_11' title="bbox 203 2500 2515 2602; baseline 0.003 -32"><span class='ocrx_word' id='word_1_63' title='bbox 203 2500 478 2599; x_wconf 82' lang='lat' dir='ltr'><strong>integra</strong></span> <span class='ocrx_word' id='word_1_64' title='bbox 503 2513 726 2601; x_wconf 85' lang='lat' dir='ltr'><strong>atque</strong></span> <span class='ocrx_word' id='word_1_65' title='bbox 759 2500 1144 2575; x_wconf 84' lang='lat' dir='ltr'><strong>emendata</strong></span> <span class='ocrx_word' id='word_1_66' title='bbox 1165 2514 1659 2601; x_wconf 84' lang='lat' dir='ltr'><strong>repraesentet,</strong></span> <span class='ocrx_word' id='word_1_67' title='bbox 1684 2528 1919 2602; x_wconf 90' lang='lat' dir='ltr'><strong>neque</strong></span> <span class='ocrx_word' id='word_1_68' title='bbox 1941 2504 2327 2601; x_wconf 86' lang='lat' dir='ltr'><strong>superioris</strong></span> <span class='ocrx_word' id='word_1_69' title='bbox 2358 2504 2515 2577; x_wconf 87' lang='lat' dir='ltr'><strong>bar-</strong></span> 
     </span>
     <span class='ocr_line' id='line_1_12' title="bbox 201 2623 2517 2726; baseline 0.002 -30"><span class='ocrx_word' id='word_1_70' title='bbox 201 2623 420 2698; x_wconf 84' lang='lat' dir='ltr'><strong>bariei</strong></span> <span class='ocrx_word' id='word_1_71' title='bbox 449 2627 648 2700; x_wconf 82' lang='lat' dir='ltr'><strong>vitiis</strong></span> <span class='ocrx_word' id='word_1_72' title='bbox 689 2626 1000 2713; x_wconf 73' lang='lat' dir='ltr'><strong>horrida,</strong></span> <span class='ocrx_word' id='word_1_73' title='bbox 1041 2648 1278 2723; x_wconf 90' lang='lat' dir='ltr'><strong>neque</strong></span> <span class='ocrx_word' id='word_1_74' title='bbox 1313 2627 1565 2701; x_wconf 86' lang='lat' dir='ltr'><strong>eadem</strong></span> <span class='ocrx_word' id='word_1_75' title='bbox 1602 2638 1943 2725; x_wconf 82' lang='lat' dir='ltr'><strong>corrupta</strong></span> <span class='ocrx_word' id='word_1_76' title='bbox 1975 2638 2051 2700; x_wconf 87' lang='lat' dir='ltr'><strong>et</strong></span> <span class='ocrx_word' id='word_1_77' title='bbox 2082 2626 2517 2726; x_wconf 77' lang='lat' dir='ltr'><strong>interpolata</strong></span> 
     </span>
     <span class='ocr_line' id='line_1_13' title="bbox 207 2748 596 2822; baseline 0.008 -3"><span class='ocrx_word' id='word_1_78' title='bbox 207 2772 252 2819; x_wconf 85' lang='lat' dir='ltr'>a</span> <span class='ocrx_word' id='word_1_79' title='bbox 283 2748 596 2822; x_wconf 86' lang='lat' dir='ltr'><strong>Criticis.</strong></span> 
     </span>
    </p>

    <p class='ocr_par' dir='ltr' id='par_1_7' title="bbox 205 2870 2525 4084">
     <span class='ocr_line' id='line_1_14' title="bbox 309 2870 2517 2973; baseline 0.001 -29"><span class='ocrx_word' id='word_1_80' title='bbox 309 2870 518 2957; x_wconf 83' lang='lat' dir='ltr'><strong>Quod</strong></span> <span class='ocrx_word' id='word_1_81' title='bbox 551 2883 634 2945; x_wconf 88' lang='lat' dir='ltr'><strong>ut</strong></span> <span class='ocrx_word' id='word_1_82' title='bbox 666 2872 988 2970; x_wconf 80' lang='lat' dir='ltr'><strong>judicari</strong></span> <span class='ocrx_word' id='word_1_83' title='bbox 1024 2872 1282 2947; x_wconf 86' lang='lat' dir='ltr'><strong>melius</strong></span> <span class='ocrx_word' id='word_1_84' title='bbox 1314 2874 1562 2971; x_wconf 85' lang='lat' dir='ltr'><strong>possit,</strong></span> <span class='ocrx_word' id='word_1_85' title='bbox 1600 2874 1815 2972; x_wconf 88' lang='lat' dir='ltr'><strong>adjici</strong></span> <span class='ocrx_word' id='word_1_86' title='bbox 1848 2876 2181 2973; x_wconf 84' lang='lat' dir='ltr'><strong>optabam</strong></span> <span class='ocrx_word' id='word_1_87' title='bbox 2218 2874 2517 2948; x_wconf 75' lang='lat' dir='ltr'><strong>varieta‘-</strong></span> 
     </span>
     <span class='ocr_line' id='line_1_15' title="bbox 207 2994 2519 3097; baseline 0 -29"><span class='ocrx_word' id='word_1_88' title='bbox 207 3006 348 3068; x_wconf 87' lang='lat' dir='ltr'><strong>tem</strong></span> <span class='ocrx_word' id='word_1_89' title='bbox 379 2994 728 3083; x_wconf 75' lang='lat' dir='ltr'><strong>lectioniS,</strong></span> <span class='ocrx_word' id='word_1_90' title='bbox 758 2998 908 3069; x_wconf 79' lang='lat' dir='ltr'><strong>sive</strong></span> <span class='ocrx_word' id='word_1_91' title='bbox 945 2996 1034 3069; x_wconf 79' lang='lat' dir='ltr'><strong>ab</strong></span> <span class='ocrx_word' id='word_1_92' title='bbox 1069 2998 1380 3095; x_wconf 85' lang='lat' dir='ltr'><strong>antiquis</strong></span> <span class='ocrx_word' id='word_1_93' title='bbox 1412 2996 1715 3070; x_wconf 86' lang='lat' dir='ltr'><strong>librariis</strong></span> <span class='ocrx_word' id='word_1_94' title='bbox 1749 3022 1835 3071; x_wconf 85' lang='lat' dir='ltr'><strong>ea</strong></span> <span class='ocrx_word' id='word_1_95' title='bbox 1864 2998 2193 3097; x_wconf 74' lang='lat' dir='ltr'><strong>profecta&#39;</strong></span> <span class='ocrx_word' id='word_1_96' title='bbox 2224 3000 2339 3084; x_wconf 85' lang='lat' dir='ltr'><strong>sit,</strong></span> <span class='ocrx_word' id='word_1_97' title='bbox 2368 2998 2519 3070; x_wconf 83' lang='lat' dir='ltr'><strong>sive</strong></span> 
     </span>
     <span class='ocr_line' id='line_1_16' title="bbox 205 3118 2521 3219; baseline 0 -28"><span class='ocrx_word' id='word_1_98' title='bbox 205 3142 250 3191; x_wconf 79' lang='lat' dir='ltr'><strong>a</strong></span> <span class='ocrx_word' id='word_1_99' title='bbox 275 3122 754 3195; x_wconf 75' lang='lat' dir='ltr'><strong>recentiorum</strong></span> <span class='ocrx_word' id='word_1_100' title='bbox 805 3119 1180 3193; x_wconf 88' lang='lat' dir='ltr'><strong>hominum</strong></span> <span class='ocrx_word' id='word_1_101' title='bbox 1229 3122 1521 3195; x_wconf 85' lang='lat' dir='ltr'><strong>invecta</strong></span> <span class='ocrx_word' id='word_1_102' title='bbox 1570 3122 1904 3219; x_wconf 86' lang='lat' dir='ltr'><strong>ingeniis,</strong></span> <span class='ocrx_word' id='word_1_103' title='bbox 1938 3144 2083 3195; x_wconf 91' lang='lat' dir='ltr'><strong>non</strong></span> <span class='ocrx_word' id='word_1_104' title='bbox 2117 3141 2406 3193; x_wconf 87' lang='lat' dir='ltr'><strong>omnem</strong></span> <span class='ocrx_word' id='word_1_105' title='bbox 2438 3118 2521 3191; x_wconf 90' lang='lat' dir='ltr'><strong>il-</strong></span> 
     </span>
     <span class='ocr_line' id='line_1_17' title="bbox 205 3240 2518 3343; baseline 0.001 -32"><span class='ocrx_word' id='word_1_106' title='bbox 205 3240 338 3315; x_wconf 87' lang='lat' dir='ltr'><strong>lam</strong></span> <span class='ocrx_word' id='word_1_107' title='bbox 373 3244 690 3343; x_wconf 85' lang='lat' dir='ltr'><strong>quidem,</strong></span> <span class='ocrx_word' id='word_1_108' title='bbox 727 3242 928 3341; x_wconf 92' lang='lat' dir='ltr'><strong>quod</strong></span> <span class='ocrx_word' id='word_1_109' title='bbox 976 3242 1340 3317; x_wconf 88' lang='lat' dir='ltr'><strong>infinitum</strong></span> <span class='ocrx_word' id='word_1_110' title='bbox 1391 3254 1524 3331; x_wconf 89' lang='lat' dir='ltr'><strong>est,</strong></span> <span class='ocrx_word' id='word_1_111' title='bbox 1564 3255 1640 3317; x_wconf 89' lang='lat' dir='ltr'><strong>et</strong></span> <span class='ocrx_word' id='word_1_112' title='bbox 1690 3246 1767 3317; x_wconf 90' lang='lat' dir='ltr'><strong>in</strong></span> <span class='ocrx_word' id='word_1_113' title='bbox 1815 3246 2024 3330; x_wconf 86' lang='lat' dir='ltr'><strong>libro,</strong></span> <span class='ocrx_word' id='word_1_114' title='bbox 2062 3240 2348 3342; x_wconf 89' lang='lat' dir='ltr'><strong>qualem</strong></span> <span class='ocrx_word' id='word_1_115' title='bbox 2398 3240 2518 3315; x_wconf 90' lang='lat' dir='ltr'><strong>hic</strong></span> 
     </span>
     <span class='ocr_line' id='line_1_18' title="bbox 210 3364 2521 3467; baseline 0.001 -30"><span class='ocrx_word' id='word_1_116' title='bbox 210 3364 694 3455; x_wconf 81' lang='lat' dir='ltr'><strong>describimus,</strong></span> <span class='ocrx_word' id='word_1_117' title='bbox 731 3390 880 3439; x_wconf 89' lang='lat' dir='ltr'><strong>non</strong></span> <span class='ocrx_word' id='word_1_118' title='bbox 913 3368 1395 3440; x_wconf 86' lang='lat' dir='ltr'><strong>necessarium</strong></span> <span class='ocrx_word' id='word_1_119' title='bbox 1425 3397 1446 3455; x_wconf 92' lang='lat'>;</span> <span class='ocrx_word' id='word_1_120' title='bbox 1501 3368 1631 3441; x_wconf 88' lang='lat' dir='ltr'><strong>sed</strong></span> <span class='ocrx_word' id='word_1_121' title='bbox 1664 3392 1845 3455; x_wconf 86' lang='lat' dir='ltr'><strong>eam,</strong></span> <span class='ocrx_word' id='word_1_122' title='bbox 1885 3392 2051 3467; x_wconf 82' lang='lat' dir='ltr'><strong>quae</strong></span> <span class='ocrx_word' id='word_1_123' title='bbox 2084 3366 2202 3441; x_wconf 88' lang='lat' dir='ltr'><strong>vel</strong></span> <span class='ocrx_word' id='word_1_124' title='bbox 2236 3377 2521 3441; x_wconf 88' lang='lat' dir='ltr'><strong>senten-</strong></span> 
     </span>
     <span class='ocr_line' id='line_1_19' title="bbox 205 3488 2525 3587; baseline 0 -26"><span class='ocrx_word' id='word_1_125' title='bbox 205 3490 368 3563; x_wconf 77' lang='lat' dir='ltr'><strong>tiam</strong></span> <span class='ocrx_word' id='word_1_126' title='bbox 403 3490 678 3577; x_wconf 65' lang='lat' dir='ltr'><strong>Poetae,</strong></span> <span class='ocrx_word' id='word_1_127' title='bbox 712 3488 832 3564; x_wconf 88' lang='lat' dir='ltr'><strong>vel</strong></span> <span class='ocrx_word' id='word_1_128' title='bbox 861 3502 1184 3564; x_wconf 85' lang='lat' dir='ltr'><strong>veterem</strong></span> <span class='ocrx_word' id='word_1_129' title='bbox 1220 3488 1831 3587; x_wconf 81' lang='lat' dir='ltr'><strong>orthographiam</strong></span> <span class='ocrx_word' id='word_1_130' title='bbox 1864 3502 2125 3579; x_wconf 84' lang='lat' dir='ltr'><strong>mutet,</strong></span> <span class='ocrx_word' id='word_1_131' title='bbox 2160 3490 2279 3565; x_wconf 82' lang='lat' dir='ltr'><strong>vel</strong></span> <span class='ocrx_word' id='word_1_132' title='bbox 2324 3488 2525 3564; x_wconf 83' lang='lat' dir='ltr'><strong>aliud</strong></span> 
     </span>
     <span class='ocr_line' id='line_1_20' title="bbox 207 3611 2523 3713; baseline 0.001 -28"><span class='ocrx_word' id='word_1_133' title='bbox 207 3612 668 3688; x_wconf 83' lang='lat' dir='ltr'><strong>memorabile</strong></span> <span class='ocrx_word' id='word_1_134' title='bbox 719 3612 1006 3700; x_wconf 85' lang='lat' dir='ltr'><strong>habeat,</strong></span> <span class='ocrx_word' id='word_1_135' title='bbox 1045 3611 1244 3711; x_wconf 89' lang='lat' dir='ltr'><strong>quod</strong></span> <span class='ocrx_word' id='word_1_136' title='bbox 1295 3636 1444 3685; x_wconf 88' lang='lat' dir='ltr'><strong>non</strong></span> <span class='ocrx_word' id='word_1_137' title='bbox 1493 3614 1825 3710; x_wconf 84' lang='lat' dir='ltr'><strong>ignorare</strong></span> <span class='ocrx_word' id='word_1_138' title='bbox 1858 3613 2035 3690; x_wconf 85' lang='lat' dir='ltr'><strong>velit</strong></span> <span class='ocrx_word' id='word_1_139' title='bbox 2067 3614 2325 3713; x_wconf 81' lang='lat' dir='ltr'><strong>aliquis</strong></span> <span class='ocrx_word' id='word_1_140' title='bbox 2375 3638 2523 3687; x_wconf 91' lang='lat' dir='ltr'><strong>me-</strong></span> 
     </span>
     <span class='ocr_line' id='line_1_21' title="bbox 211 3735 2523 3837; baseline -0.001 -28"><span class='ocrx_word' id='word_1_141' title='bbox 211 3735 540 3813; x_wconf 84' lang='lat' dir='ltr'><strong>diocriter</strong></span> <span class='ocrx_word' id='word_1_142' title='bbox 585 3738 848 3811; x_wconf 87' lang='lat' dir='ltr'><strong>horum</strong></span> <span class='ocrx_word' id='word_1_143' title='bbox 883 3736 1288 3811; x_wconf 80' lang='lat' dir='ltr'><strong>studiorum</strong></span> <span class='ocrx_word' id='word_1_144' title='bbox 1323 3737 1669 3812; x_wconf 90' lang='lat' dir='ltr'><strong>curiosus.</strong></span> <span class='ocrx_word' id='word_1_145' title='bbox 1770 3739 1960 3813; x_wconf 83' lang='lat' dir='ltr'><strong>Nam</strong></span> <span class='ocrx_word' id='word_1_146' title='bbox 2009 3740 2135 3837; x_wconf 84' lang='lat' dir='ltr'><strong>qui</strong></span> <span class='ocrx_word' id='word_1_147' title='bbox 2182 3736 2397 3837; x_wconf 82' lang='lat' dir='ltr'><strong>plane</strong></span> <span class='ocrx_word' id='word_1_148' title='bbox 2446 3758 2523 3807; x_wconf 89' lang='lat' dir='ltr'><strong>se</strong></span> 
     </span>
     <span class='ocr_line' id='line_1_22' title="bbox 207 3859 2523 3961; baseline 0 -31"><span class='ocrx_word' id='word_1_149' title='bbox 207 3859 338 3935; x_wconf 86' lang='lat' dir='ltr'><strong>illis</strong></span> <span class='ocrx_word' id='word_1_150' title='bbox 369 3862 741 3948; x_wconf 85' lang='lat' dir='ltr'><strong>dedidere,</strong></span> <span class='ocrx_word' id='word_1_151' title='bbox 791 3860 902 3934; x_wconf 90' lang='lat' dir='ltr'><strong>his</strong></span> <span class='ocrx_word' id='word_1_152' title='bbox 935 3860 1112 3933; x_wconf 90' lang='lat' dir='ltr'><strong>nihil</strong></span> <span class='ocrx_word' id='word_1_153' title='bbox 1162 3862 1465 3935; x_wconf 87' lang='lat' dir='ltr'><strong>nimium</strong></span> <span class='ocrx_word' id='word_1_154' title='bbox 1503 3873 1653 3936; x_wconf 84' lang='lat' dir='ltr'><strong>est.&#39;</strong></span> <span class='ocrx_word' id='word_1_155' title='bbox 1740 3861 1912 3936; x_wconf 87' lang='lat' dir='ltr'><strong>Hoc</strong></span> <span class='ocrx_word' id='word_1_156' title='bbox 1960 3864 2185 3961; x_wconf 82' lang='lat' dir='ltr'><strong>igitur</strong></span> <span class='ocrx_word' id='word_1_157' title='bbox 2217 3859 2523 3935; x_wconf 81' lang='lat' dir='ltr'><strong>alterum</strong></span> 
     </span>
     <span class='ocr_line' id='line_1_23' title="bbox 209 3970 2313 4084; baseline 0 -27"><span class='ocrx_word' id='word_1_158' title='bbox 209 3997 374 4072; x_wconf 83' lang='lat' dir='ltr'><strong>erat,</strong></span> <span class='ocrx_word' id='word_1_159' title='bbox 411 3985 614 4084; x_wconf 89' lang='lat' dir='ltr'><strong>quod</strong></span> <span class='ocrx_word' id='word_1_160' title='bbox 648 3985 1122 4084; x_wconf 86' lang='lat' dir='ltr'><strong>requirebam.</strong></span> <span class='ocrx_word' id='word_1_161' title='bbox 2306 3970 2313 3977; x_wconf 45' lang='lat'>⁸</span> 
     </span>
    </p>

    <p class='ocr_par' dir='ltr' id='par_1_8' title="bbox 215 4104 2527 4456">
     <span class='ocr_line' id='line_1_24' title="bbox 299 4104 2523 4208; baseline 0 -26"><span class='ocrx_word' id='word_1_162' title='bbox 299 4110 646 4208; x_wconf 88' lang='lat' dir='ltr'><strong>Denique</strong></span> <span class='ocrx_word' id='word_1_163' title='bbox 699 4132 864 4182; x_wconf 90' lang='lat' dir='ltr'><strong>cum</strong></span> <span class='ocrx_word' id='word_1_164' title='bbox 913 4108 1228 4205; x_wconf 88' lang='lat' dir='ltr'><strong>plurimi,</strong></span> <span class='ocrx_word' id='word_1_165' title='bbox 1282 4109 1460 4205; x_wconf 83' lang='lat' dir='ltr'><strong>quiu</strong></span> <span class='ocrx_word' id='word_1_166' title='bbox 1525 4108 1852 4206; x_wconf 82' lang='lat' dir='ltr'><strong>plerique</strong></span> <span class='ocrx_word' id='word_1_167' title='bbox 1902 4109 2048 4182; x_wconf 90' lang='lat' dir='ltr'><strong>sint</strong></span> <span class='ocrx_word' id='word_1_168' title='bbox 2098 4104 2523 4182; x_wconf 82' lang='lat' dir='ltr'><strong>Horatianae</strong></span> 
     </span>
     <span class='ocr_line' id='line_1_25' title="bbox 215 4227 2527 4330; baseline 0 -25"><span class='ocrx_word' id='word_1_169' title='bbox 215 4231 582 4330; x_wconf 65' lang='lat' dir='ltr'><strong>elegantiae</strong></span> <span class='ocrx_word' id='word_1_170' title='bbox 633 4230 966 4319; x_wconf 85' lang='lat' dir='ltr'><strong>studiosi,</strong></span> <span class='ocrx_word' id='word_1_171' title='bbox 1016 4232 1142 4330; x_wconf 90' lang='lat' dir='ltr'><strong>qui</strong></span> <span class='ocrx_word' id='word_1_172' title='bbox 1215 4230 1328 4305; x_wconf 91' lang='lat' dir='ltr'><strong>vel</strong></span> <span class='ocrx_word' id='word_1_173' title='bbox 1399 4256 1535 4330; x_wconf 86' lang='lat' dir='ltr'><strong>per</strong></span> <span class='ocrx_word' id='word_1_174' title='bbox 1582 4244 1898 4315; x_wconf 79' lang='lat' dir='ltr'><strong>aetatem,</strong></span> <span class='ocrx_word' id='word_1_175' title='bbox 1950 4227 2067 4303; x_wconf 87' lang='lat' dir='ltr'><strong>vel</strong></span> <span class='ocrx_word' id='word_1_176' title='bbox 2139 4254 2271 4329; x_wconf 89' lang='lat' dir='ltr'><strong>per</strong></span> <span class='ocrx_word' id='word_1_177' title='bbox 2317 4256 2527 4329; x_wconf 80' lang='lat' dir='ltr'><strong>quas-</strong></span> 
     </span>
     <span class='ocr_line' id='line_1_26' title="bbox 219 4354 2525 4456; baseline -0.001 -27"><span class='ocrx_word' id='word_1_178' title='bbox 219 4381 494 4456; x_wconf 87' lang='lat' dir='ltr'><strong>cunque</strong></span> <span class='ocrx_word' id='word_1_179' title='bbox 545 4355 720 4431; x_wconf 82' lang='lat' dir='ltr'><strong>alias</strong></span> <span class='ocrx_word' id='word_1_180' title='bbox 771 4356 940 4433; x_wconf 81' lang='lat' dir='ltr'><strong>vitae</strong></span> <span class='ocrx_word' id='word_1_181' title='bbox 989 4380 1142 4431; x_wconf 81' lang='lat' dir='ltr'><strong>suae</strong></span> <span class='ocrx_word' id='word_1_182' title='bbox 1193 4359 1525 4444; x_wconf 81' lang='lat' dir='ltr'><strong>rationes,</strong></span> <span class='ocrx_word' id='word_1_183' title='bbox 1579 4380 1727 4431; x_wconf 88' lang='lat' dir='ltr'><strong>non</strong></span> <span class='ocrx_word' id='word_1_184' title='bbox 1778 4355 2053 4451; x_wconf 84' lang='lat' dir='ltr'><strong>possint</strong></span> <span class='ocrx_word' id='word_1_185' title='bbox 2101 4356 2269 4432; x_wconf 79' lang='lat' dir='ltr'><strong>satis</strong></span> <span class='ocrx_word' id='word_1_186' title='bbox 2296 4354 2525 4430; x_wconf 77' lang='lat' dir='ltr'><strong>intel-</strong></span> 
     </span>
    </p>
   </div>
  </div>
 </body>
</html>
