3059 5184
522 291 724 355 xxxiv
1091 289 1178 367 Q.
1225 286 1635 357 HORATII
1682 284 2022 353 FLACCI
2068 284 2320 352 VITA.

529 478 674 553 Sed
711 476 945 553 multo
979 479 1237 577 magiS,
1297 477 1645 553 extremis
1682 470 2026 573 Esquiliis
2048 474 2088 517 ²*
2148 470 2278 547 tali
2323 468 2419 546 ad
2457 469 2905 569 Augustum

531 604 840 702 Eclogio
866 604 946 695 †;

1176 800 1384 861 Horati
1417 799 1609 858 Flacci
1634 810 1703 881 ut
1730 797 1841 859 mei
1870 810 1991 857 esto
2016 817 2243 857 memor.

536 1005 927 1105 Augustus
962 1003 1455 1105 Epistularum
1490 1027 1786 1104 quoque
1822 1003 1891 1077 ei
1924 999 2245 1075 officium
2280 998 2573 1086 obtulit,
2628 1009 2713 1073 ut
2745 996 2905 1073 hoc

531 1132 629 1205 ad
677 1130 1170 1207 Maecenatem
1222 1132 1495 1229 scripto
1546 1128 1951 1229 significat:
2026 1128 2215 1201 Ante
2269 1126 2418 1223 ipse
2470 1126 2907 1223 sufficiebam

532 1258 916 1331 scribendis
956 1258 1304 1353 Epistolis
1356 1257 1762 1330 Amicorum
1792 1287 1821 1345 ;
1876 1278 2059 1327 nunc
2092 1252 2656 1349 occupatissimus
2686 1262 2761 1324 et
2788 1252 2910 1324 in-

530 1385 793 1472 firma-3,
833 1384 1228 1457 Horatium
1257 1394 1573 1456 nostrum
1602 1394 1665 1455 te
1690 1382 1893 1477 cupio
1922 1384 2295 1453 adducere.
2394 1379 2640 1453 Veniet
2666 1378 2909 1472 igitur

532 1511 622 1582 ab
653 1511 788 1581 ista
811 1508 1206 1603 parasitica
1241 1531 1474 1580 mensa
1507 1512 1609 1581 ad
1634 1508 1813 1579 hanc
1844 1506 2141 1601 regiam,
2180 1516 2254 1577 et
2279 1528 2408 1577 nos
2437 1506 2513 1577 in
2546 1504 2907 1599 Epistolis

529 1633 915 1708 scribendis
948 1632 1332 1727 adjuvabit.
1425 1630 1546 1705 Ac
1582 1655 1675 1705 ne
1710 1630 2077 1704 recusanti
2112 1629 2411 1728 quidem
2438 1639 2567 1702 aut
2592 1652 2909 1701 succen-

533 1760 682 1833 suit
715 1758 1132 1856 quicquam,
1173 1768 1301 1831 aut
1337 1730 1734 1830 amicitiani
1780 1757 2113 1853 ingerere
2169 1753 2473 1828 destitit.
2578 1752 2909 1827 Exstant

533 1882 908 1982 Epistolae,
949 1907 990 1956 e
1029 1882 1314 1980 quibuS,
1347 1883 1763 1979 argumenti
1787 1884 2045 1980 gratia,
2070 1906 2309 1980 pauca
2328 1878 2631 1977 subjeci.
2683 1884 2909 1955 Sume

533 2010 659 2083 tibi
690 2010 966 2106 aliquid
967 2007 1178 2102 juris
1210 2012 1408 2105 apud
1429 2032 1556 2094 me,
1599 2019 1924 2105 tanquam
1952 2010 2015 2081 si
2036 2008 2391 2081 convictor
2422 2004 2849 2099 mileisueris
2877 2040 2905 2078 .-

491 2194 502 2208 ,
535 2136 861 2233 quoniam
897 2136 977 2209 id
1007 2158 1175 2207 usus
1209 2135 1378 2207 milei
1414 2145 1632 2207 tecum
1665 2158 1814 2208 esse
1863 2137 2075 2221 volui,
2137 2134 2199 2207 si
2240 2158 2383 2229 per
2436 2134 2911 2206 valetudinem

531 2273 719 2335 tuam
741 2262 932 2359 fieri
969 2262 1220 2357 possit.
1329 2258 1430 2332 Et
1465 2284 1757 2333 rursus:
1820 2262 1963 2334 Tui
1997 2262 2269 2357 qualem
2310 2261 2601 2332 habeam
2650 2283 2909 2333 memo-

530 2390 714 2461 riam
735 2388 1011 2482 poteris
1043 2411 1135 2459 eoe
1168 2386 1500 2481 Septimio
1522 2388 1559 2462 ‡
1613 2412 1887 2485 quoque
1920 2398 2162 2461 nostro
2224 2386 2477 2461 audire
2502 2418 2526 2457 .-
2577 2410 2739 2459 nam
2792 2388 2909 2459 in-

531 2514 708 2587 cidit
735 2522 816 2585 ut
843 2536 1082 2585 coram
1131 2512 1250 2587 illo
1272 2512 1508 2605 fieret
1535 2536 1581 2583 a
1613 2537 1720 2585 me
1773 2514 1875 2587 tui
1922 2515 2202 2586 mentio.
2306 2514 2569 2608 Neque
2618 2512 2799 2585 enim
2838 2516 2912 2587 si

531 2650 611 2712 tu
667 2637 1010 2733 superbus
1069 2635 1437 2708 amicitiam
1493 2646 1805 2710 nostram
1854 2641 2205 2734 sprevisti,
2260 2639 2416 2713 ideo
2466 2660 2596 2710 nos
2628 2662 2913 2735 quoque

535 2752 1229 2862 ἅντυπεςηφανοῧμεν.
1340 2758 1705 2833 Praeterea
1740 2786 1931 2860 saepe
1990 2788 2161 2837 eum
2216 2764 2408 2837 inter
2460 2764 2638 2838 alios
2684 2763 2908 2862 jocos

521 2888 970 2986 pati-ssimum
1011 2910 1286 2983 penem,
1325 2897 1401 2960 et
1436 2888 1953 2961 homuncionem
2009 2891 2501 2985 lepidissimum
2554 2890 2907 2990 appellat,

537 3037 829 3113 unaque
865 3025 940 3087 et
975 3012 1204 3087 altera
1235 3010 1672 3087 liberalitate
1694 3012 2197 3113 locupletavit.
2288 3016 2575 3115 Scripta
2600 3017 2909 3115 quidem

538 3137 696 3237 ejus
731 3164 964 3238 usque
999 3139 1187 3214 adeo
1221 3134 1582 3237 probavit,
1640 3162 2123 3240 mansuraque
2163 3152 2526 3241 perpetuo
2561 3142 2915 3241 opinatus

536 3407 624 3457 est
653 3410 845 3457 autem
873 3398 952 3457 M
949 3400 1134 3469 imaus,
1161 3399 1252 3459 vel
1281 3400 1354 3459 M
1357 3400 1502 3471 inus,
1531 3402 1652 3459 ovis
1680 3412 1879 3461 ventre
1904 3401 2117 3481 glabra,
2162 3403 2329 3461 Festo
2354 3423 2389 3461 a
2414 3404 2633 3471 Graeeo,
2674 3401 2911 3473 ἇπιικος,

541 3500 742 3579 Apina,
766 3502 933 3561 dicu„
1003 3502 1206 3563 Nostri
1225 3504 1495 3575 dicerent,
1525 3505 1777 3581 more
1800 3505 2145 3587 nanneto
2162 3504 2347 3585 tuan
2366 3517 2413 3573 a
2434 3506 2663 3585 neem
2680 3506 2913 3575 ame.

539 3605 740 3663 BAxr.
829 3605 970 3664 Titii
997 3606 1226 3666 Sodalis
1257 3608 1444 3667 Ginno
1470 3610 1812 3680 GronoviuS,
1840 3622 1907 3669 ut
1934 3610 2168 3669 ludatur
2194 3610 2255 3669 in
2276 3609 2521 3689 aliquem
2536 3610 2791 3669 vicinum
2810 3610 2915 3669 vel

539 3720 758 3778 notum,
797 3708 1008 3768 Titium
1035 3712 1274 3788 strigoso
1300 3713 1456 3771 mulo
1483 3714 1613 3772 vehi
1640 3714 1889 3773 solitum.
1933 3715 2134 3773 Gusx.

618 3814 652 3849 ''
693 3812 972 3893 Esquiliis
997 3834 1162 3875 nemo
1199 3815 1364 3885 alius,
1409 3816 1563 3894 quod
1601 3818 1977 3889 observarim3
2021 3818 2120 3877 sed
2146 3816 2239 3877 vel
2255 3817 2519 3895 judiciis,
2548 3818 2641 3877 vel
2678 3818 2913 3899 simpli·
3044 3864 3046 3878 1

538 3920 678 3979 citer
705 3919 980 3979 extremis.
1063 3918 1338 3999 Esquiliis
1363 3920 1508 3979 forte
1535 3920 1649 3980 huc
1676 3921 1902 4001 irrepsit
1929 3942 2001 3981 ex
2041 3921 2153 3981 fine
2179 3922 2355 4001 hujus
2382 3921 2557 3991 Vitae,
2600 3922 2671 3983 de
2695 3942 2913 3983 monu-

536 4036 732 4083 mento
759 4022 1006 4083 Horatii.
1049 4024 1248 4083 Gnsx.

619 4127 657 4185 †
701 4126 814 4185 Pro
839 4126 1044 4206 Elogio
1059 4126 1442 4207 reponendum
1473 4126 1615 4185 duxi
1646 4126 1893 4207 Echigio,
1916 4128 1986 4188 de
2012 4151 2123 4208 qua
2146 4150 2279 4189 voce
2300 4130 2429 4191 vide
2450 4130 2913 4195 eruditissimum
3042 4196 3044 4213 Ι

539 4228 812 4289 Jacobum
843 4232 1209 4299 Gutherium,
1237 4230 1331 4288 De
1365 4229 1407 4286 J
1410 4250 1510 4287 ure
1540 4230 1821 4289 Manium.

621 4331 654 4407 ζ
697 4332 787 4393 De
825 4334 1104 4413 Septimio
1131 4334 1239 4395 isto
1266 4334 1394 4393 vide
1419 4354 1547 4413 quae
1576 4334 1827 4395 diximus
1846 4336 1917 4394 ad
1948 4337 2265 4417 Epistulam
2294 4340 2351 4397 9.
