3059 5184
829 345 1514 428 EPIST'OLARUM
1558 363 1709 430 Lm.
1754 363 1811 430 1.
1860 375 1957 432 ιε.

2459 371 2587 434 493

486 515 856 616 Impransus
884 554 1016 598 non
1044 535 1152 621 qui
1181 535 1381 600 civem
1407 533 1807 622 dignosceret
1830 529 2047 614 hoste3

304 651 389 707 30
477 640 800 718 Quaelibet
825 643 894 706 in
921 642 1204 730 quemvis
1232 637 1577 730 opprobria
1602 645 1843 734 fingere
1870 667 2113 724 soevus3

475 751 794 816 Pernicies
824 763 889 816 et
917 763 1252 840 tempestas
1279 754 1771 842 barathrumque
1800 753 2065 835 macelli,

476 858 798 948 Quicquid
827 864 1180 950 quaesierat,
1210 865 1414 931 ventri
1441 860 1721 930 donabat
1746 887 1957 931 avaro.

480 968 634 1048 Hic,
665 971 774 1036 ubi
805 973 1102 1060 nequitia».
1130 974 1477 1039 fautoribus
1506 989 1573 1038 et
1600 973 1833 1040 timidis
1862 975 1951 1038 nil

474 1079 608 1143 Aut
634 1080 895 1164 paulum
925 1083 1284 1161 abstulerat,
1314 1085 1560 1169 patinas
1586 1083 1877 1149 coenabat
1903 1085 2121 1166 omasi,

1774 1411 1958 1476 Idem

301 1195 388 1253 35
475 1187 635 1252 Vilis
666 1203 730 1254 et
757 1191 1028 1278 agninae,
1059 1193 1260 1258 tribus
1289 1194 1452 1258 ursis
1483 1193 1657 1281 quod
1684 1193 1832 1259 satis
1860 1206 2024 1259 esset
2048 1219 2068 1273 ;

473 1297 726 1363 Scilicet
753 1313 823 1364 ut
851 1313 1098 1366 ventres
1126 1302 1338 1368 lamna
1365 1301 1673 1367 candente
1701 1317 2004 1389 nepotum

472 1407 736 1473 Diceret
761 1410 1037 1476 urendos
1066 1423 1384 1476 corrector
1416 1413 1686 1478 BestiuS.

475 1516 793 1605 Quicquid
824 1531 960 1584 erat
985 1532 1206 1585 nactus
1233 1521 1471 1607 praedoe
1499 1521 1777 1606 majoris,
1808 1521 1919 1586 ubi
1948 1543 2137 1588 omne

471 1626 764 1692 Verterat
789 1627 854 1691 in
884 1629 1128 1695 fumum
1156 1643 1220 1696 et
1247 1631 1545 1710 cinerem,
1578 1631 1728 1696 Non
1758 1630 2014 1697 hercule
2042 1633 2259 1712 miror,

301 1744 386 1801 40

473 1735 721 1816 Aiebat,
755 1738 806 1800 si
836 1738 944 1825 qui
974 1739 1312 1805 comedunt
1339 1740 1508 1807 bona
1521 1765 1542 1819 3
1588 1763 1731 1806 cum
1761 1741 1843 1806 sit
1869 1742 2063 1807 obeso

471 1846 582 1910 Nil
611 1845 832 1912 melius
863 1848 1069 1928 turd0,
1101 1849 1192 1912 nil
1219 1849 1406 1914 vulva
1433 1849 1759 1936 pulchrius
1788 1851 2017 1937 ampla.

208 2061 276 2107 30
309 2059 530 2121 stringere
563 2058 680 2122 maj.
717 2061 787 2107 N.
823 2059 987 2108 Heius.

272 2139 326 2170 ez·
349 2125 452 2171 MS.
641 2127 704 2171 85
738 2125 890 2186 agnini
913 2126 1052 2172 MSS.
1080 2127 1285 2172 Tou-rene:
1321 2126 1378 2172 G.
1409 2125 1464 2171 Z.
1486 2125 1613 2171 Med.
1638 2127 1778 2173 1477.
1807 2125 1866 2174 G.

281 2189 433 2315 Idi-'Z-
451 2189 552 2300 ἐξά.
707 2192 772 2236 37
805 2197 1032 2238 corrector
1053 2189 1236 2237 Lumbi.
1249 2203 1302 2236 a·
1322 2189 1427 2237 MS.
1447 2191 1586 2236 etiam
1608 2191 1710 2238 δατ.

271 2445 340 2492 29
369 2443 682 2504 Jmpransus5
710 2443 807 2490 ideo
833 2443 980 2491 iratus
1011 2445 1063 2491 ob
1090 2446 1358 2506 hocipmm.

207 2508 318 2556 Vet-
341 2508 492 2556 Schol.
556 2507 647 2554 Est
669 2517 818 2554 autem
851 2509 1128 2568 Improvisus
1157 2527 1240 2572 pro
1269 2512 1358 2556 im-

196 2581 375 2634 pastus.
407 2573 470 2621 B.
533 2571 770 2637 Mat-cilius
808 2574 1098 2632 impransum
1140 2575 1358 2637 interpre-

204 2646 326 2684 tatur
369 2640 485 2685 bene
523 2637 816 2692 saburratum‚
853 2645 900 2684 et
937 2638 1041 2684 inde
1069 2640 1359 2700 petulantem.

207 2702 300 2749 Sed
318 2703 586 2756 destituitur,
621 2708 744 2763 puto,
776 2702 832 2748 ab
853 2703 1074 2764 exemplo.
1137 2705 1358 2764 Imprcm-

203 2782 284 2814 sus
305 2776 426 2814 certe
447 2775 604 2814 nostro
625 2775 694 2813 est
715 2781 807 2812 non
830 2781 1018 2828 pransus
1043 2765 1139 2814 Ser.
1172 2771 1220 2814 2.
1241 2772 1288 2815 2.
1309 2771 1355 2816 ¹7.

206 2839 256 2877 et
275 2835 322 2877 3.
342 2835 456 2878 257.
502 2831 566 2878 G.

272 2897 332 2942 31
371 2897 666 2949 Barathrum,
689 2911 862 2956 vorago.
908 2893 1016 2943 Vet.
1038 2895 1189 2944 Schol.
1213 2895 1356 2960 Cruq.

207 2959 270 3006 B.
335 2959 396 3006 V.
422 2961 516 3008 Sat.
537 2963 586 3008 2.
607 2963 654 3006 3.
682 2962 788 3011 166.
835 2959 898 3006 G.

273 3026 336 3071 32
457 3025 468 3036 ”
559 3026 570 3036 ’
621 3025 854 3085 qtm'emt
869 3039 890 3080 ,-
922 3039 1025 3071 nam
1049 3025 1355 3074 emendicabat

206 3087 417 3150 undique,
436 3090 540 3136 hinc
563 3087 836 3136 Pantolabus
858 3087 1018 3136 dictus.

273 3149 338 3199 33
374 3153 601 3215 Nequitia?
617 3153 896 3216 semoribus,
919 3153 1109 3201 luxuriae
1137 3155 1354 3216 plausori-

205 3218 323 3266 bus:
367 3231 472 3264 nam
508 3217 702 3265 fautores
745 3224 852 3265 sunt
884 3218 959 3278 qui
1001 3219 1220 3280 plaudunt
1259 3219 1355 3266 fere

203 3282 414 3330 scenicis.

277 3347 482 3402 Te'nu'dtb,
522 3361 612 3394 non
655 3347 916 3410 generosis:
953 3363 1057 3394 narn
1101 3347 1352 3394 meticulosi

200 3419 310 3460 sunt
330 3413 469 3459 avari.
497 3411 560 3459 Β.
615 3411 813 3459 Timidus
829 3412 1106 3472 interpretor,
1130 3413 1206 3474 qui
1228 3419 1352 3458 metu

197 3477 393 3539 quodam
429 3477 672 3540 petulantis
706 3477 900 3522 hominis
929 3491 982 3522 os
1018 3477 1128 3523 illud
1169 3477 1353 3524 maledi-

197 3557 306 3590 cum
327 3541 532 3588 oflercire
553 3541 662 3588 cibis
687 3541 921 3596 malebant,
946 3556 1080 3602 quam
1111 3541 1232 3588 farne
1252 3542 1352 3587 irri-

197 3615 310 3654 tare.
377 3606 565 3669 Duplex
623 3621 768 3668 genus
827 3621 998 3660 eorum,
1058 3607 1134 3667 qui
1177 3618 1351 3652 scurras

197 3672 339 3726 alunt,
358 3671 588 3734 fautores,
640 3670 798 3732 quibus
851 3671 1029 3732 placent
1083 3669 1346 3717 maledicta:

198 3737 362 3792 timidi,
385 3736 462 3798 qui
497 3743 717 3790 metuunt,
756 3750 814 3782 ne
851 3735 898 3782 in
932 3749 982 3781 se
1017 3741 1354 3782 convertantur.

263 3867 330 3912 34
365 3866 572 3920 Patina-s,
595 3866 751 3927 supple
772 3865 949 3924 plenas.
1012 3863 1244 3911 Testaeeis
1273 3879 1352 3926 pa.-

198 3930 308 3978 tiuis
329 3929 552 3977 elixabant
573 3945 730 3976 carnes
750 3937 798 3975 et
817 3930 978 3991 pisces.

275 3995 442 4049 Omasi,
466 3996 641 4042 visceris
659 3995 830 4042 bubuli.
879 3993 984 4040 vet.
1009 3993 1158 4040 schol.
1177 3989 1348 4056 πεῖρε.

268 4063 333 4106 35
368 4059 542 4106 Omnes
563 4059 656 4106 fere
677 4059 822 4105 MSS.
879 4075 928 4106 ro
957 4059 1121 4118 agnini
1139 4057 1350 4119 legerunt

195 4125 386 4184 agnitu
418 4141 522 4172 cum
547 4123 808 4185 Cruquiano
843 4075 1106 4186 futei-prete,
1147 4131 1194 4168 et
1227 4123 1350 4168 Tur-

199 4189 338 4237 nebo.
423 4189 612 4252 Agnina
653 4188 763 4235 nihil
806 4189 937 4235 vilius
981 4188 1098 4249 apud
1143 4186 1350 4233 Veteres.

199 4253 312 4308 Qua
331 4255 388 4301 de
409 4271 458 4300 re
480 4255 645 4300 videsis
667 4253 865 4300 Turnebi
889 4252 1171 4302 Adversaria.

237 4317 244 4324 ’
263 4321 329 4366 36
361 4319 556 4366 Lamna
575 4320 795 4365 candente
805 4331 824 4372 ,⁶
847 4316 1178 4380 Ligurientium
1196 4331 1350 4362 servo-

193 4398 302 4431 rum
325 4391 510 4431 ventres
533 4383 744 4446 stigmate
774 4383 1087 4436 scribebantur,
1123 4389 1174 4428 ut
1195 4386 1350 4428 osten-

197 4449 268 4494 dit
290 4447 516 4497 Dacerius
539 4461 596 4494 ex
622 4446 811 4495 Galeno.

1033 2060 1174 2123 figere
1208 2060 1324 2123 conj.
1370 2063 1491 2108 Cura.

1683 2063 1747 2108 32
1780 2061 1969 2109 donarat
2008 2062 2066 2110 G.
2104 2064 2150 2110 S.
2186 2063 2374 2111 donaret
2414 2067 2572 2117 Bone.

2054 2127 2119 2172 36
2152 2127 2269 2174 lama
2295 2129 2352 2175 G.
2372 2129 2423 2178 it.
2443 2133 2571 2180 Med.

1902 2188 2087 2236 Bestius
2102 2205 2258 2238 omnes
2274 2193 2412 2241 MSS.
2432 2197 2571 2258 (jv-naq.

1485 2447 1552 2492 37
1584 2443 1788 2491 Maenius
1816 2441 2040 2490 interdurn
2072 2443 2364 2493 invehebatur
2396 2445 2445 2492 in
2472 2445 2570 2495 lau-

1423 2507 1506 2555 tias
1527 2509 1759 2556 hominum
1784 2524 1911 2570 aeque
1944 2523 2098 2555 severe
2118 2524 2170 2556 ac
2192 2511 2375 2558 Bestius
2388 2510 2465 2558 ille
2484 2527 2570 2559 no-

1419 2573 1518 2619 bilis
1540 2581 1759 2620 corrector
1778 2581 1826 2620 et
1841 2574 2083 2635 castigator
2097 2575 2322 2636 nequitiae.
2356 2574 2419 2622 G.
2469 2573 2569 2640 lgi-

1421 2645 1496 2747 ἒιτ
1516 2639 1699 2688 Bestins
1719 2633 1835 2686 verti
1856 2638 1997 2693 debet,
2016 2645 2229 2699 tanquam
2244 2639 2357 2688 alter
2372 2641 2567 2694 Bauius.

1485 2765 1661 2814 Omnes
1693 2765 1788 2813 fere
1819 2766 1972 2828 scripti
1994 2765 2187 2814 Codices
2225 2767 2433 2830 legerunt
2452 2771 2569 2818 Beo-

1415 2831 1508 2877 tius
1546 2847 1627 2892 pro
1665 2832 1883 2886 Maem'us,
1906 2838 1953 2878 et
1990 2832 2195 2878 nonnulli
2232 2841 2459 2893 con-qma
2484 2850 2567 2896 pro

1417 2904 1654 2943 cor-rectus.
1717 2898 1899 2944 Bestius
1936 2897 2069 2942 etiam
2104 2903 2174 2943 est
2214 2896 2260 2941 in
2306 2895 2565 2958 Cruquiano

1417 2958 1683 3022 Interprete,
1720 2975 1889 3008 nomen
1916 2961 2174 3020 parcissimi
2207 2960 2449 3022 magy‘usdam
2471 2965 2569 3010 Ro-

1415 3025 1557 3072 mani.
1624 3024 1776 3072 Lucro
1798 3026 1871 3071 hic
1894 3025 2024 3072 unice
2052 3025 2225 3074 deditus
2246 3033 2331 3073 est.
2399 3028 2567 3075 ebo-ne-

1413 3089 1502 3137 h‘m
1523 3091 1706 3136 Bestius
1727 3089 1843 3150 apud
1868 3088 2159 3136 Plutarchum
2174 3089 2390 3152 pupillum
2415 3105 2563 3149 suum,

1418 3161 1468 3200 ut
1488 3154 1601 3200 alter
1625 3153 1955 3214 Polymnestor,
1980 3155 2038 3200 ob
2066 3169 2190 3216 spem
2212 3155 2307 3210 auri
2330 3155 2567 3204 obtrunca»-

1417 3218 1516 3274 vit3
1550 3217 1669 3280 quod
1692 3217 1887 3264 ostendit
1909 3215 2155 3279 Cruquius.
2212 3218 2305 3266 Pro
2338 3229 2569 3280 con-qum

1414 3282 1490 3328 vel
1511 3283 1658 3344 magis
1695 3290 1929 3336 emotus,
1955 3281 2189 3330 Bentleius
2218 3283 2369 3345 posuit
2405 3299 2465 3332 ex
2494 3285 2567 3332 in-

1414 3346 1553 3408 genio
1572 3361 1657 3393 suo
1675 3353 1907 3402 corrector,
1931 3347 2098 3408 optima
2134 3355 2185 3394 ut
2215 3355 2327 3410 puto
2362 3365 2466 3396 cum
2500 3365 2567 3397 ra-

1414 3411 1556 3457 tione.
1624 3407 1793 3456 Fuerat
1830 3410 1948 3456 enim
1985 3412 2169 3459 Bestius
2196 3412 2282 3459 iste
2308 3414 2445 3460 homo
2469 3413 2567 3460 fru-

1414 3474 1462 3536 gi
1522 3479 1657 3536 atque
1708 3489 1883 3530 antus,
1934 3482 1983 3521 et
2040 3477 2313 3524 nebulonum
2372 3478 2565 3540 castiga-

1415 3546 1500 3594 tor,
1524 3539 1645 3600 quod
1663 3539 1737 3587 vel
1776 3555 1835 3586 ex
1872 3539 2015 3588 Persii
2047 3541 2208 3603 Satyra
2232 3542 2303 3606 (6.
2324 3539 2430 3602 37.)
2454 3557 2565 3590 cou-

1417 3612 1520 3650 stat.

1478 3671 1543 3715 38
1578 3669 1735 3732 ⁶¹5un
1764 3668 2011 3726 Bentleius,
2036 3670 2124 3717 levi
2160 3670 2217 3718 de
2244 3685 2408 3726 causa3
2442 3667 2564 3730 quod

1416 3733 1586 3780 scilicet
1605 3749 1723 3782 unus
1744 3735 1818 3781 vel
1856 3736 1968 3782 alter
1998 3735 2191 3797 scriptus
2228 3733 2366 3780 Liber
2388 3747 2563 3794 seprae-

1417 3805 1565 3845 sentet
1585 3801 1755 3861 Siquid.
1822 3797 1932 3862 Ego
1955 3799 2062 3846 nihil
2084 3814 2261 3846 moveo.

1479 3866 1545 3910 39
1588 3865 1786 3910 Verterat
1820 3865 1872 3910 in
1886 3864 2093 3928 fumum
2118 3870 2164 3909 et
2184 3863 2379 3909 cinerem
2393 3875 2413 3918 ,-
2445 3861 2493 3908 h.
2516 3875 2559 3910 e.

1413 3927 1462 3974 in
1483 3928 1632 3976 culina
1652 3930 1943 3976 absumserat.
2006 3935 2013 3942 “

1481 3994 1538 4038 41
1578 3993 1755 4039 Notum
1794 3999 1863 4038 est
1901 3991 2075 4038 suillam
2104 3989 2285 4038 vulvam
2310 3989 2417 4036 olim
2438 3991 2563 4038 habi-

1412 4064 1502 4104 tam
1525 4058 1574 4102 in
1596 4057 1781 4104 deliciis.
1836 4055 1897 4102 B.

1478 4121 1601 4168 Plin.
1640 4123 1715 4167 ll.
1753 4123 1833 4167 37.
1859 4135 1899 4166 s.
1930 4120 2013 4166 84.
2089 4118 2229 4166 Vnam
2260 4117 2393 4179 dedo
2416 4127 2562 4181 parm

1411 4185 1567 4232 nictim-
1587 4199 1729 4245 quam
1747 4184 1861 4230 edito
1877 4198 1894 4230 .·
1926 4181 2119 4243 qieoet'cia
2139 4191 2327 4230 vocatur
2355 4184 2445 4240 illa,
2465 4185 2563 4232 hae

1405 4248 1634 4309 porcaria.
1704 4247 1907 4294 Martini.
1932 4249 2008 4293 13.
2038 4249 2114 4294 16.
2188 4247 2563 4312 Tesortamma-

1409 4315 1480 4372 gis
1500 4313 1649 4372 capiat
1671 4313 1725 4357 de
1744 4313 1913 4372 vir-giroe
1924 4327 2081 4372 porca,
2105 4313 2188 4359 Me
2208 4322 2415 4361 mter-na
2431 4315 2564 4376 gravi

1413 4379 1468 4424 de
1488 4393 1567 4426 πω
1587 4377 1719 4424 vulva
1740 4378 1872 4437 capit.
1940 4376 2001 4424 V.
2026 4377 2159 4440 Apio.
2193 4381 2241 4427 ’7.
2269 4379 2311 4426 1.
2363 4378 2429 4428 G.
