3059 5184
521 336 626 401 viii
1070 336 1129 398 J.
1177 334 1274 397 M.
1323 327 1727 396 GESNERI
1773 323 2291 391 PRAEFATIO.

525 520 924 617 interpretis
967 518 1282 619 elogium
1315 514 1421 589 illi
1453 538 1601 589 non
1636 513 1933 598 invidet,
1974 534 2223 609 neque.
2248 530 2415 582 eum
2448 503 2867 604 reprehen-

525 647 656 732 dit,
711 658 797 719 ut
846 644 942 717 ad
992 644 1142 718 Ser.
1179 650 1249 715 2.
1286 646 1355 713 3.
1393 644 1512 713 28.
1560 640 1639 712 it.
1688 642 1757 709 2.
1790 643 1867 708 4.
1904 634 2024 721 67.
2130 634 2229 707 Et
2280 656 2451 706 sane
2502 628 2861 704 eruditus

523 778 655 855 est,
712 790 796 840 ac
849 766 1196 840 doctrinae
1255 762 1567 837 melioris
1620 760 1895 859 aliquid
1948 758 2154 831 nobis
2211 757 2556 854 impertit,
2612 756 2851 827 etiam

523 918 690 968 cum
727 902 937 978 errat,
977 904 1100 963 aut
1135 889 1347 961 nimis
1380 886 1715 983 indulget
1744 886 2084 982 ingenio3
2122 883 2200 956 id
2234 881 2431 979 quod
2464 881 2851 979 praecipue

521 1019 716 1091 circa
764 1014 918 1088 illas
955 1012 1284 1109 Dilogias
1329 1014 1376 1084 i.
1420 1010 1849 1107 AllegoriaS,
1904 1018 2279 1104 tantopere
2329 1018 2602 1079 amatas
2646 1006 2839 1089 viro,

519 1142 942 1235 contingere
988 1138 1291 1209 observo
1333 1134 1430 1208 V.
1481 1134 1580 1207 G.
1630 1135 1869 1205 Carm.
1930 1140 1995 1203 1.
2050 1140 2164 1202 15.
2212 1140 2289 1202 et
2322 1136 2443 1201 28.
2480 1140 2557 1201 et
2588 1135 2706 1200 34.
2744 1130 2837 1200 it.

514 1272 586 1336 2.
649 1270 715 1336 1.
757 1269 872 1335 11.
927 1273 1002 1334 et
1035 1267 1105 1331 3.
1144 1266 1213 1331 3.
1251 1272 1327 1333 et
1371 1266 1442 1330 4.
1486 1268 1556 1330 1.
1594 1268 1809 1353 atque
1858 1254 1929 1328 6.
1979 1254 2291 1351 denique
2344 1252 2652 1351 Epodon
2708 1258 2837 1323 13.

517 1392 634 1459 12.
663 1414 685 1474 ;
741 1386 818 1457 in
853 1384 1113 1481 quibus
1146 1382 1326 1453 locis
1357 1403 1612 1476 parum
1649 1376 1937 1450 videtur
1978 1400 2252 1449 memor
2296 1376 2515 1450 fuisse
2550 1400 2833 1462 eorum,

511 1534 676 1606 quae
728 1505 995 1579 salubri
1045 1503 1344 1577 consilio
1383 1504 1537 1600 ipse
1590 1501 1872 1574 monuit
1914 1499 2010 1572 ad
2054 1500 2221 1573 Car.
2252 1508 2326 1572 4.
2372 1510 2445 1586 7.
2486 1508 2601 1573 10.
2638 1498 2835 1597 (vid.

510 1628 899 1722 Addend.)
950 1628 1080 1701 sed
1131 1638 1216 1701 ut
1268 1624 1479 1699 simul
1531 1636 1860 1697 moneret
1906 1623 1997 1697 de
2048 1626 2268 1697 tribus
2316 1625 2511 1697 horis
2552 1649 2605 1696 s,
2656 1624 2837 1695 anni

509 1754 1083 1852 tempestatibu8‚
1114 1750 1310 1849 quod
1343 1751 1591 1823 nescio
1616 1773 1708 1821 an
1736 1748 2013 1821 Latinis
2048 1747 2269 1820 literis
2304 1746 2667 1844 proditum
2704 1747 2835 1819 sit.

511 1876 734 1964 Quod
765 1877 842 1949 in
877 1876 1269 1975 posteriore
1317 1874 1635 1947 editione
1686 1896 1967 1945 amarus
2017 1871 2382 1943 interdum
2418 1860 2703 1945 videtur
2746 1870 2837 1942 in

509 1996 948 2085 Bentleium‚
999 1998 1189 2070 forte
1222 1999 1310 2071 ab
1347 1998 1472 2071 illo
1518 2008 1967 2071 contemtum
2014 2020 2092 2068 se
2142 1976 2444 2092 putabat
2496 1993 2676 2091 (vid.
2728 1992 2836 2065 ad

509 2122 676 2194 Car.
714 2128 785 2193 4.
829 2130 942 2194 14.
983 2122 1161 2214 10.),
1215 2120 1404 2195 forte
1437 2120 1877 2194 morosulum
1914 2110 2247 2195 senectus
2293 2118 2586 2204 fecerat,
2634 2116 2837 2189 forte

505 2268 598 2317 ne
635 2244 1029 2319 destinarat
1061 2244 1356 2341 quidem
1390 2246 1585 2344 typis
1618 2245 1881 2330 omnia,
1938 2266 2103 2341 quae
2134 2239 2456 2315 illuserat
2488 2242 2835 2337 margini-

501 2368 640 2440 bus
673 2366 836 2437 libri
872 2368 1004 2436 sui.

607 2488 796 2574 Quae
831 2512 999 2561 cum
1033 2490 1136 2559 ita
1170 2490 1334 2574 sint,
1367 2490 1801 2564 Baxteriana
1835 2488 2275 2588 exemplaria
2303 2486 2594 2562 Horatii
2628 2512 2833 2563 com-

504 2610 847 2686 mendare
904 2611 1220 2684 solebam
1259 2611 1671 2709 junioribus
1721 2616 2015 2704 amicis3
2086 2626 2164 2688 et
2210 2636 2581 2712 nunquam
2631 2612 2831 2687 forte

503 2734 596 2809 de
645 2734 930 2807 edendo
981 2732 1292 2808 Horatio
1343 2738 1791 2831 cogitaturus
1844 2736 1997 2833 ipse
2047 2735 2349 2824 fueram,
2424 2735 2705 2811 illorum
2758 2738 2829 2809 si

502 2860 713 2956 copia
745 2858 898 2931 fieri
933 2858 1269 2931 studiosis
1305 2860 1381 2931 in
1417 2859 1813 2932 Germania
1856 2860 2229 2957 potuisset.
2334 2858 2477 2933 Sed
2518 2883 2685 2933 cum
2718 2861 2835 2932 vi-

502 3006 666 3055 sum
714 2992 902 3055 esset
945 2982 1210 3055 librum
1257 2984 1360 3056 ita
1409 2982 1686 3069 utilem,
1740 2984 1843 3056 ita
1888 2983 2375 3070 commodum,
2424 2976 2825 3081 parabilem

500 3107 718 3178 etiam
753 3105 992 3180 facere
1027 3108 1311 3193 nostris»,
1349 3106 1685 3181 nolebam
1718 3106 1921 3181 illum
1960 3109 2114 3181 sine
2150 3105 2320 3180 dote
2354 3104 2597 3205 aliqua
2626 3132 2671 3179 a
2700 3130 2825 3179 me

499 3228 892 3318 dimittere,
941 3229 1162 3329 idque
1208 3254 1297 3304 eo
1343 3232 1578 3304 minus
1632 3255 1799 3305 cum
1844 3242 2111 3327 praeter
2160 3256 2266 3318 ea,
2320 3254 2485 3329 quae
2518 3230 2825 3327 quadra-

496 3353 703 3450 ginta
747 3352 1054 3451 amplius
1098 3378 1453 3427 annorum
1501 3378 1671 3427 cum
1708 3353 1973 3428 Flacco
2018 3352 2482 3439 familiaritate,
2536 3366 2613 3427 et
2644 3378 2821 3427 usus

491 3476 748 3574 aliquis
783 3502 1030 3551 earum
1065 3501 1329 3564 rerum,
1367 3479 1629 3575 quibus
1665 3476 1785 3550 hic
1818 3502 2001 3576 opus
2037 3488 2168 3561 est,
2224 3476 2578 3574 subjicere
2612 3489 2821 3575 pote-

492 3612 680 3686 rant,
735 3601 952 3673 etiam
999 3624 1043 3672 a
1085 3598 1379 3673 fortuna
1431 3600 1861 3673 offerrentur
1900 3598 2233 3697 quaedam
2279 3601 2623 3674 ornandae
2668 3602 2821 3675 edi-

493 3724 714 3797 tionis
751 3722 1102 3819 praesidia.
1211 3698 1456 3810 Quare
1491 3725 1713 3797 statui
1746 3724 1977 3797 tribus
2012 3724 2149 3796 illis
2186 3723 2596 3819 generibus
2651 3724 2819 3824 q'uae

491 3846 566 3917 in
595 3848 752 3945 ipso
777 3848 1104 3943 ingressu
1131 3848 1712 3951 commemoravi,
1749 3872 2038 3945 augere,
2068 3870 2200 3945 pro
2234 3848 2573 3945 praesenti
2606 3848 2819 3945 copia

493 3981 572 4042 et
604 3971 998 4056 voluntate,
1039 3970 1331 4044 Baxteri
1369 3970 1786 4045 editionem.

596 4091 712 4164 Ac
747 4096 980 4190 primo
1006 4093 1300 4191 quidem
1335 4118 1482 4167 non
1519 4106 1665 4168 tam
1704 4095 1843 4168 hoc
1878 4096 2019 4191 egi,
2055 4104 2141 4169 ut
2166 4094 2626 4169 emendarem
2657 4095 2815 4171 Ho-

491 4214 776 4299 ratium,
831 4218 1023 4314 quod
1064 4240 1326 4292 munus
1360 4217 1749 4305 cumulate,
1804 4230 1883 4292 et
1912 4217 2101 4294 forte
2134 4218 2321 4318 plus„
2371 4244 2586 4318 quam
2626 4244 2813 4319 opus

491 4349 666 4424 erat,
728 4336 831 4411 illi
883 4344 1282 4436 praestitum
1335 4343 1687 4434 arbitror;
1758 4366 1974 4441 quam
2022 4354 2104 4419 ut
2148 4344 2239 4418 ab
2284 4345 2811 4443 intempestivis
